<?xml version="1.0" encoding="UTF-8"?>
<!DOCTYPE html PUBLIC "-//W3C//DTD XHTML 1.0 Transitional//EN"
    "http://www.w3.org/TR/xhtml1/DTD/xhtml1-transitional.dtd">
<html xmlns="http://www.w3.org/1999/xhtml" xml:lang="en" lang="en">
 <head>
  <title>
</title>
<meta http-equiv="Content-Type" content="text/html;charset=utf-8" />
  <meta name='ocr-system' content='tesseract 3.04.00' />
  <meta name='ocr-capabilities' content='ocr_page ocr_carea ocr_par ocr_line ocrx_word'/>
</head>
<body>
  <div class='ocr_page' id='page_1' title='image "./mtulliiciceroni30cicegoog_0383.png"; bbox 0 0 2618 4440; ppageno 0'>
   <div class='ocr_carea' id='block_1_1' title="bbox 64 271 1302 2249">
    <p class='ocr_par' dir='ltr' id='par_1_1' title="bbox 207 271 1003 379">
     <span class='ocr_line' id='line_1_1' title="bbox 207 271 920 379; baseline -0.009 -28"><span class='ocrx_word' id='word_1_1' title='bbox 207 285 274 354; x_wconf 68' lang='lat'><strong>352</strong></span> <span class='ocrx_word' id='word_1_2' title='bbox 307 360 325 379; x_wconf 79' lang='lat'><strong>-,</strong></span> <span class='ocrx_word' id='word_1_3' title='bbox 407 310 436 342; x_wconf 88' lang='lat'><strong>.·</strong></span> <span class='ocrx_word' id='word_1_4' title='bbox 488 334 523 347; x_wconf 86' lang='grc'><strong>,.</strong></span> <span class='ocrx_word' id='word_1_5' title='bbox 567 271 844 367; x_wconf 65' lang='lat' dir='ltr'><strong>moinonis·</strong></span> <span class='ocrx_word' id='word_1_6' title='bbox 879 278 920 351; x_wconf 69' lang='lat'><strong>’1-</strong></span> 
     </span>
    </p>

    <p class='ocr_par' dir='ltr' id='par_1_2' title="bbox 125 408 245 435">
     <span class='ocr_line' id='line_1_2' title="bbox 125 408 245 435; baseline 0.008 -1"><span class='ocrx_word' id='word_1_7' title='bbox 125 412 145 431; x_wconf 82' lang='lat'><strong>‚¹</strong></span> <span class='ocrx_word' id='word_1_8' title='bbox 236 408 245 435; x_wconf 67' lang='lat' dir='ltr'><strong>i</strong></span> 
     </span>
    </p>

    <p class='ocr_par' dir='ltr' id='par_1_3' title="bbox 141 457 1209 674">
     <span class='ocr_line' id='line_1_3' title="bbox 141 457 1208 567; baseline 0.006 -30"><span class='ocrx_word' id='word_1_9' title='bbox 141 482 144 489; x_wconf 85' lang='lat'>&#39;</span> <span class='ocrx_word' id='word_1_10' title='bbox 171 460 175 465; x_wconf 66' lang='grc'><strong>’</strong></span> <span class='ocrx_word' id='word_1_11' title='bbox 209 469 351 555; x_wconf 83' lang='lat' dir='ltr'><strong>vestigiis</strong></span> <span class='ocrx_word' id='word_1_12' title='bbox 371 457 516 562; x_wconf 75' lang='lat' dir='ltr'><strong>primum</strong></span> <span class='ocrx_word' id='word_1_13' title='bbox 534 468 662 553; x_wconf 87' lang='lat' dir='ltr'><strong>institi,</strong></span> <span class='ocrx_word' id='word_1_14' title='bbox 690 473 732 543; x_wconf 72' lang='lat' dir='ltr'><strong>,in</strong></span> <span class='ocrx_word' id='word_1_15' title='bbox 744 473 794 539; x_wconf 62' lang='lat' dir='ltr'><strong>riis</strong></span> <span class='ocrx_word' id='word_1_16' title='bbox 817 468 899 539; x_wconf 88' lang='lat' dir='ltr'><strong>sere.</strong></span> <span class='ocrx_word' id='word_1_17' title='bbox 915 469 1013 541; x_wconf 86' lang='lat' dir='ltr'><strong>soleo-</strong></span> <span class='ocrx_word' id='word_1_18' title='bbox 1033 484 1208 567; x_wconf 82' lang='lat' dir='ltr'><strong>perorare,</strong></span> 
     </span>
     <span class='ocr_line' id='line_1_4' title="bbox 207 567 1209 674; baseline 0.001 -34"><span class='ocrx_word' id='word_1_19' title='bbox 207 594 240 641; x_wconf 85' lang='lat' dir='ltr'><strong>et</strong></span> <span class='ocrx_word' id='word_1_20' title='bbox 262 573 538 674; x_wconf 79' lang='lat' dir='ltr'><strong>quodaliqnanto</strong></span> <span class='ocrx_word' id='word_1_21' title='bbox 556 599 610 641; x_wconf 89' lang='lat' dir='ltr'><strong>me</strong></span> <span class='ocrx_word' id='word_1_22' title='bbox 624 575 732 644; x_wconf 84' lang='lat' dir='ltr'><strong>maior</strong></span> <span class='ocrx_word' id='word_1_23' title='bbox 751 578 788 643; x_wconf 91' lang='lat' dir='ltr'><strong>in</strong></span> <span class='ocrx_word' id='word_1_24' title='bbox 808 567 916 646; x_wconf 85' lang='lat' dir='ltr'><strong>verbis</strong></span> <span class='ocrx_word' id='word_1_25' title='bbox 936 569 1053 671; x_wconf 78' lang='lat' dir='ltr'><strong>[quem</strong></span> <span class='ocrx_word' id='word_1_26' title='bbox 1073 581 1109 646; x_wconf 91' lang='lat' dir='ltr'><strong>in</strong></span> <span class='ocrx_word' id='word_1_27' title='bbox 1129 606 1209 648; x_wconf 74' lang='lat' dir='ltr'><strong>sen-</strong></span> 
     </span>
    </p>

    <p class='ocr_par' dir='ltr' id='par_1_4' title="bbox 64 677 1302 1618">
     <span class='ocr_line' id='line_1_5' title="bbox 180 677 1235 776; baseline 0.006 -29"><span class='ocrx_word' id='word_1_28' title='bbox 180 682 329 769; x_wconf 84' lang='lat' dir='ltr'><strong>·tentiis]</strong></span> <span class='ocrx_word' id='word_1_29' title='bbox 357 677 531 766; x_wconf 67' lang='lat' dir='ltr'><strong>eligendis&lt;</strong></span> <span class='ocrx_word' id='word_1_30' title='bbox 547 677 643 748; x_wconf 78' lang='lat' dir='ltr'><strong>labor</strong></span> <span class='ocrx_word' id='word_1_31' title='bbox 672 698 705 750; x_wconf 89' lang='lat' dir='ltr'><strong>ct</strong></span> <span class='ocrx_word' id='word_1_32' title='bbox 733 707 810 751; x_wconf 76' lang='lat' dir='ltr'><strong>citra</strong></span> <span class='ocrx_word' id='word_1_33' title='bbox 834 700 984 776; x_wconf 81' lang='lat' dir='ltr'><strong>torquet,</strong></span> <span class='ocrx_word' id='word_1_34' title='bbox 1027 704 1206 773; x_wconf 83' lang='lat' dir='ltr'><strong>verentem,</strong></span> <span class='ocrx_word' id='word_1_35' title='bbox 1232 691 1235 698; x_wconf 85' lang='lat'>&#39;</span> 
     </span>
     <span class='ocr_line' id='line_1_6' title="bbox 103 783 1206 878; baseline 0.005 -26"><span class='ocrx_word' id='word_1_36' title='bbox 103 800 107 809; x_wconf 91' lang='grc'><strong>’</strong></span> <span class='ocrx_word' id='word_1_37' title='bbox 207 810 260 870; x_wconf 91' lang='lat' dir='ltr'><strong>ne,</strong></span> <span class='ocrx_word' id='word_1_38' title='bbox 282 788 309 854; x_wconf 87' lang='lat' dir='ltr'><strong>si</strong></span> <span class='ocrx_word' id='word_1_39' title='bbox 328 784 440 878; x_wconf 89' lang='lat' dir='ltr'><strong>paullo</strong></span> <span class='ocrx_word' id='word_1_40' title='bbox 461 783 642 855; x_wconf 82' lang='lat' dir='ltr'><strong>obsoletior</strong></span> <span class='ocrx_word' id='word_1_41' title='bbox 660 786 760 859; x_wconf 83' lang='lat' dir='ltr'><strong>luerit</strong></span> <span class='ocrx_word' id='word_1_42' title='bbox 781 788 904 872; x_wconf 82' lang='lat' dir='ltr'><strong>oratio,</strong></span> <span class='ocrx_word' id='word_1_43' title='bbox 936 789 1126 876; x_wconf 75' lang='lat' dir='ltr'><strong>condigna</strong></span> <span class='ocrx_word' id='word_1_44' title='bbox 1145 815 1206 857; x_wconf 82' lang='lat' dir='ltr'><strong>ex-</strong></span> 
     </span>
     <span class='ocr_line' id='line_1_7' title="bbox 201 889 1207 984; baseline 0.003 -24"><span class='ocrx_word' id='word_1_45' title='bbox 201 893 405 984; x_wconf 79' lang='lat' dir='ltr'><strong>spectatione</strong></span> <span class='ocrx_word' id='word_1_46' title='bbox 438 911 471 959; x_wconf 87' lang='lat' dir='ltr'><strong>et</strong></span> <span class='ocrx_word' id='word_1_47' title='bbox 497 889 627 962; x_wconf 84' lang='lat' dir='ltr'><strong>silentio</strong></span> <span class='ocrx_word' id='word_1_48' title='bbox 659 891 756 959; x_wconf 85' lang='lat' dir='ltr'><strong>fuisse</strong></span> <span class='ocrx_word' id='word_1_49' title='bbox 787 892 945 962; x_wconf 83' lang='lat' dir='ltr'><strong>videatur.</strong></span> <span class='ocrx_word' id='word_1_50' title='bbox 978 904 1057 969; x_wconf 80' lang='lat'><strong>-34.</strong></span> <span class='ocrx_word' id='word_1_51' title='bbox 1083 893 1207 983; x_wconf 80' lang='lat' dir='ltr'><strong>-Quotl</strong></span> 
     </span>
     <span class='ocr_line' id='line_1_8' title="bbox 194 993 1206 1090; baseline 0.006 -26"><span class='ocrx_word' id='word_1_52' title='bbox 194 999 235 1065; x_wconf 82' lang='lat' dir='ltr'><strong>si</strong></span> <span class='ocrx_word' id='word_1_53' title='bbox 257 999 292 1063; x_wconf 90' lang='lat' dir='ltr'><strong>in</strong></span> <span class='ocrx_word' id='word_1_54' title='bbox 311 997 419 1083; x_wconf 86' lang='lat' dir='ltr'><strong>nobis,</strong></span> <span class='ocrx_word' id='word_1_55' title='bbox 441 998 500 1090; x_wconf 90' lang='lat' dir='ltr'><strong>qui</strong></span> <span class='ocrx_word' id='word_1_56' title='bbox 520 995 680 1081; x_wconf 83' lang='lat' dir='ltr'><strong>adsumus,</strong></span> <span class='ocrx_word' id='word_1_57' title='bbox 701 1013 807 1082; x_wconf 80' lang='lat' dir='ltr'><strong>tantae</strong></span> <span class='ocrx_word' id='word_1_58' title='bbox 826 997 1115 1085; x_wconf 64' lang='lat' dir='ltr'><strong>dissimilitudines,</strong></span> <span class='ocrx_word' id='word_1_59' title='bbox 1133 993 1206 1070; x_wconf 42' lang='lat' dir='ltr'><strong>‘tam</strong></span> 
     </span>
     <span class='ocr_line' id='line_1_9' title="bbox 64 1090 1205 1196; baseline 0.005 -29"><span class='ocrx_word' id='word_1_60' title='bbox 64 1121 70 1127; x_wconf 90' lang='lat'>·</span> <span class='ocrx_word' id='word_1_61' title='bbox 138 1156 143 1161; x_wconf 79' lang='lat'><strong>,</strong></span> <span class='ocrx_word' id='word_1_62' title='bbox 205 1120 313 1172; x_wconf 84' lang='lat' dir='ltr'><strong>certae</strong></span> <span class='ocrx_word' id='word_1_63' title='bbox 335 1104 562 1195; x_wconf 76' lang='lat' dir='ltr'><strong>rescuiusqne</strong></span> <span class='ocrx_word' id='word_1_64' title='bbox 582 1090 755 1196; x_wconf 84' lang='lat' dir='ltr'><strong>propriae,</strong></span> <span class='ocrx_word' id='word_1_65' title='bbox 790 1105 882 1171; x_wconf 86' lang='lat' dir='ltr'><strong>etin</strong></span> <span class='ocrx_word' id='word_1_66' title='bbox 904 1129 943 1171; x_wconf 79' lang='lat' dir='ltr'><strong>en</strong></span> <span class='ocrx_word' id='word_1_67' title='bbox 962 1106 1115 1173; x_wconf 86' lang='lat' dir='ltr'><strong>varietate</strong></span> <span class='ocrx_word' id='word_1_68' title='bbox 1130 1105 1205 1173; x_wconf 79' lang='lat' dir='ltr'><strong>iere</strong></span> 
     </span>
     <span class='ocr_line' id='line_1_10' title="bbox 204 1197 1204 1302; baseline 0.003 -27"><span class='ocrx_word' id='word_1_69' title='bbox 204 1207 321 1276; x_wconf 90' lang='lat' dir='ltr'><strong>melius</strong></span> <span class='ocrx_word' id='word_1_70' title='bbox 350 1234 378 1275; x_wconf 77' lang='lat' dir='ltr'><strong>a.</strong></span> <span class='ocrx_word' id='word_1_71' title='bbox 395 1197 561 1277; x_wconf 75' lang='lat' dir='ltr'><strong>deteriore</strong></span> <span class='ocrx_word' id='word_1_72' title='bbox 578 1207 734 1277; x_wconf 72' lang='lat' dir='ltr'><strong>tessine</strong></span> <span class='ocrx_word' id='word_1_73' title='bbox 764 1211 870 1296; x_wconf 76' lang='lat' dir='ltr'><strong>magis,</strong></span> <span class='ocrx_word' id='word_1_74' title='bbox 893 1234 989 1302; x_wconf 80' lang='lat' dir='ltr'><strong>quent</strong></span> <span class='ocrx_word' id='word_1_75' title='bbox 1007 1206 1127 1297; x_wconf 80' lang='lat' dir='ltr'><strong>genere</strong></span> <span class='ocrx_word' id='word_1_76' title='bbox 1148 1211 1204 1278; x_wconf 92' lang='lat' dir='ltr'><strong>di-</strong></span> 
     </span>
     <span class='ocr_line' id='line_1_11' title="bbox 205 1304 1302 1408; baseline 0.001 -26"><span class='ocrx_word' id='word_1_77' title='bbox 205 1304 389 1398; x_wconf 78' lang='lat' dir='ltr'><strong>stinguitur,</strong></span> <span class='ocrx_word' id='word_1_78' title='bbox 409 1332 624 1407; x_wconf 82' lang='lat' dir='ltr'><strong>etqucomne</strong></span> <span class='ocrx_word' id='word_1_79' title='bbox 642 1312 814 1400; x_wconf 80' lang='lat' dir='ltr'><strong>laudatur,</strong></span> <span class='ocrx_word' id='word_1_80' title='bbox 827 1315 918 1408; x_wconf 86' lang='lat' dir='ltr'><strong>quod</strong></span> <span class='ocrx_word' id='word_1_81' title='bbox 942 1317 976 1382; x_wconf 91' lang='lat' dir='ltr'><strong>in</strong></span> <span class='ocrx_word' id='word_1_82' title='bbox 1000 1341 1060 1383; x_wconf 92' lang='lat' dir='ltr'><strong>suo</strong></span> <span class='ocrx_word' id='word_1_83' title='bbox 1084 1338 1204 1401; x_wconf 84' lang='lat' dir='ltr'><strong>genere</strong></span> <span class='ocrx_word' id='word_1_84' title='bbox 1297 1347 1302 1361; x_wconf 68' lang='grc'><strong>«</strong></span> 
     </span>
     <span class='ocr_line' id='line_1_12' title="bbox 202 1419 1247 1512; baseline 0.007 -28"><span class='ocrx_word' id='word_1_85' title='bbox 202 1419 387 1512; x_wconf 86' lang='lat' dir='ltr'><strong>perfectum</strong></span> <span class='ocrx_word' id='word_1_86' title='bbox 407 1438 474 1487; x_wconf 85' lang='lat' dir='ltr'><strong>est:</strong></span> <span class='ocrx_word' id='word_1_87' title='bbox 518 1419 602 1511; x_wconf 83' lang='lat' dir='ltr'><strong>quid</strong></span> <span class='ocrx_word' id='word_1_88' title='bbox 620 1421 773 1501; x_wconf 86' lang='lat' dir='ltr'><strong>censetis,</strong></span> <span class='ocrx_word' id='word_1_89' title='bbox 812 1422 842 1501; x_wconf 76' lang='lat' dir='ltr'><strong>si</strong></span> <span class='ocrx_word' id='word_1_90' title='bbox 864 1445 976 1490; x_wconf 87' lang='lat' dir='ltr'><strong>omnes</strong></span> <span class='ocrx_word' id='word_1_91' title='bbox 989 1467 1010 1502; x_wconf 88' lang='lat'><strong>‚-</strong></span> <span class='ocrx_word' id='word_1_92' title='bbox 1039 1423 1100 1512; x_wconf 90' lang='lat' dir='ltr'><strong>-qui</strong></span> <span class='ocrx_word' id='word_1_93' title='bbox 1127 1423 1204 1487; x_wconf 79' lang='lat' dir='ltr'><strong>ubi-</strong></span> <span class='ocrx_word' id='word_1_94' title='bbox 1242 1478 1247 1492; x_wconf 94' lang='grc'><em>,</em></span> 
     </span>
     <span class='ocr_line' id='line_1_13' title="bbox 98 1524 1202 1618; baseline 0.003 -27"><span class='ocrx_word' id='word_1_95' title='bbox 98 1594 102 1611; x_wconf 62' lang='grc'>,</span> <span class='ocrx_word' id='word_1_96' title='bbox 203 1550 267 1618; x_wconf 89' lang='lat' dir='ltr'><strong>qne</strong></span> <span class='ocrx_word' id='word_1_97' title='bbox 289 1544 362 1593; x_wconf 86' lang='lat' dir='ltr'><strong>sunt</strong></span> <span class='ocrx_word' id='word_1_98' title='bbox 383 1543 436 1592; x_wconf 83' lang='lat' dir='ltr'><strong>aut</strong></span> <span class='ocrx_word' id='word_1_99' title='bbox 455 1525 603 1607; x_wconf 74' lang='lat' dir='ltr'><strong>filerunt,</strong></span> <span class='ocrx_word' id='word_1_100' title='bbox 639 1544 782 1593; x_wconf 84' lang='lat' dir='ltr'><strong>oratores</strong></span> <span class='ocrx_word' id='word_1_101' title='bbox 804 1525 955 1618; x_wconf 85' lang='lat' dir='ltr'><strong>amplecti</strong></span> <span class='ocrx_word' id='word_1_102' title='bbox 977 1524 1202 1602; x_wconf 80' lang='lat' dir='ltr'><strong>voluerimus?</strong></span> 
     </span>
    </p>

    <p class='ocr_par' dir='ltr' id='par_1_5' title="bbox 136 1629 1282 2036">
     <span class='ocr_line' id='line_1_14' title="bbox 136 1629 1279 1724; baseline 0 -28"><span class='ocrx_word' id='word_1_103' title='bbox 136 1641 151 1655; x_wconf 81' lang='grc'><em>”</em></span> <span class='ocrx_word' id='word_1_104' title='bbox 202 1655 312 1698; x_wconf 88' lang='lat' dir='ltr'><strong>nonne</strong></span> <span class='ocrx_word' id='word_1_105' title='bbox 332 1629 415 1711; x_wconf 85' lang='lat' dir='ltr'><strong>sore,</strong></span> <span class='ocrx_word' id='word_1_106' title='bbox 446 1647 492 1709; x_wconf 89' lang='lat' dir='ltr'><strong>ut,</strong></span> <span class='ocrx_word' id='word_1_107' title='bbox 529 1647 610 1718; x_wconf 87' lang='lat' dir='ltr'><strong>quot</strong></span> <span class='ocrx_word' id='word_1_108' title='bbox 631 1648 788 1713; x_wconf 86' lang='lat' dir='ltr'><strong>oratores,</strong></span> <span class='ocrx_word' id='word_1_109' title='bbox 821 1630 958 1697; x_wconf 85' lang='lat' dir='ltr'><strong>totidem</strong></span> <span class='ocrx_word' id='word_1_110' title='bbox 979 1656 1081 1724; x_wconf 87' lang='lat' dir='ltr'><strong>paene</strong></span> <span class='ocrx_word' id='word_1_111' title='bbox 1102 1656 1203 1724; x_wconf 77' lang='lat' dir='ltr'><strong>repe,-</strong></span> <span class='ocrx_word' id='word_1_112' title='bbox 1274 1662 1279 1670; x_wconf 93' lang='lat'><em>·</em></span> 
     </span>
     <span class='ocr_line' id='line_1_15' title="bbox 201 1731 1202 1827; baseline 0.005 -27"><span class='ocrx_word' id='word_1_113' title='bbox 201 1737 328 1802; x_wconf 82' lang='lat' dir='ltr'><strong>riantur</strong></span> <span class='ocrx_word' id='word_1_114' title='bbox 357 1754 474 1818; x_wconf 84' lang='lat' dir='ltr'><strong>genera</strong></span> <span class='ocrx_word' id='word_1_115' title='bbox 510 1731 675 1817; x_wconf 65' lang='lat' dir='ltr'><strong>dicendi?=</strong></span> <span class='ocrx_word' id='word_1_116' title='bbox 712 1735 764 1801; x_wconf 84' lang='lat' dir='ltr'><strong>Ex</strong></span> <span class='ocrx_word' id='word_1_117' title='bbox 795 1759 858 1824; x_wconf 85' lang='lat' dir='ltr'><strong>qna</strong></span> <span class='ocrx_word' id='word_1_118' title='bbox 884 1749 969 1801; x_wconf 81' lang='lat' dir='ltr'><strong>mee.</strong></span> <span class='ocrx_word' id='word_1_119' title='bbox 984 1735 1202 1827; x_wconf 84' lang='lat' dir='ltr'><strong>disputatione</strong></span> 
     </span>
     <span class='ocr_line' id='line_1_16' title="bbox 201 1831 1202 1926; baseline 0.007 -20"><span class='ocrx_word' id='word_1_120' title='bbox 201 1839 339 1906; x_wconf 76' lang='lat' dir='ltr'><strong>forsitan</strong></span> <span class='ocrx_word' id='word_1_121' title='bbox 356 1852 505 1901; x_wconf 81' lang='lat' dir='ltr'><strong>occurrat</strong></span> <span class='ocrx_word' id='word_1_122' title='bbox 527 1831 629 1917; x_wconf 88' lang='lat' dir='ltr'><strong>illud,</strong></span> <span class='ocrx_word' id='word_1_123' title='bbox 667 1836 695 1903; x_wconf 85' lang='lat' dir='ltr'><strong>si</strong></span> <span class='ocrx_word' id='word_1_124' title='bbox 724 1850 828 1926; x_wconf 85' lang='lat' dir='ltr'><strong>paene</strong></span> <span class='ocrx_word' id='word_1_125' title='bbox 855 1839 1107 1910; x_wconf 86' lang='lat' dir='ltr'><strong>innumerabiles</strong></span> <span class='ocrx_word' id='word_1_126' title='bbox 1137 1845 1202 1913; x_wconf 82' lang='lat' dir='ltr'><strong>sint</strong></span> 
     </span>
     <span class='ocr_line' id='line_1_17' title="bbox 201 1928 1282 2036; baseline 0.005 -25"><span class='ocrx_word' id='word_1_127' title='bbox 201 1944 292 2036; x_wconf 79' lang='lat' dir='ltr'><strong>quasi</strong></span> <span class='ocrx_word' id='word_1_128' title='bbox 315 1941 439 2011; x_wconf 80' lang='lat' dir='ltr'><strong>formae</strong></span> <span class='ocrx_word' id='word_1_129' title='bbox 456 1938 646 2031; x_wconf 76' lang='lat' dir='ltr'><strong>figuraeque</strong></span> <span class='ocrx_word' id='word_1_130' title='bbox 668 1930 817 2024; x_wconf 88' lang='lat' dir='ltr'><strong>dicendi,</strong></span> <span class='ocrx_word' id='word_1_131' title='bbox 833 1944 940 2032; x_wconf 87' lang='lat' dir='ltr'><strong>specie</strong></span> <span class='ocrx_word' id='word_1_132' title='bbox 961 1943 1116 2033; x_wconf 82' lang='lat' dir='ltr'><strong>dispares,</strong></span> <span class='ocrx_word' id='word_1_133' title='bbox 1141 1972 1202 2033; x_wconf 84' lang='lat' dir='ltr'><strong>ge·</strong></span> <span class='ocrx_word' id='word_1_134' title='bbox 1280 1928 1282 1933; x_wconf 23' lang='grc' dir='ltr'>Ι</span> 
     </span>
    </p>

    <p class='ocr_par' dir='ltr' id='par_1_6' title="bbox 93 2038 1273 2249">
     <span class='ocr_line' id='line_1_18' title="bbox 165 2038 1273 2142; baseline 0.003 -26"><span class='ocrx_word' id='word_1_135' title='bbox 165 2049 167 2054; x_wconf 69' lang='grc'><strong>’</strong></span> <span class='ocrx_word' id='word_1_136' title='bbox 202 2074 282 2117; x_wconf 83' lang='lat' dir='ltr'><strong>nere</strong></span> <span class='ocrx_word' id='word_1_137' title='bbox 304 2044 499 2126; x_wconf 75' lang='lat' dir='ltr'><strong>laudabiles,</strong></span> <span class='ocrx_word' id='word_1_138' title='bbox 523 2069 711 2137; x_wconf 79' lang='lat' dir='ltr'><strong>nonposse</strong></span> <span class='ocrx_word' id='word_1_139' title='bbox 735 2069 782 2128; x_wconf 84' lang='lat' dir='ltr'><strong>ea,</strong></span> <span class='ocrx_word' id='word_1_140' title='bbox 803 2038 886 2138; x_wconf 72' lang='lat' dir='ltr'><strong>quie</strong></span> <span class='ocrx_word' id='word_1_141' title='bbox 906 2048 992 2115; x_wconf 88' lang='lat' dir='ltr'><strong>inter</strong></span> <span class='ocrx_word' id='word_1_142' title='bbox 1016 2072 1049 2115; x_wconf 89' lang='lat' dir='ltr'><strong>se</strong></span> <span class='ocrx_word' id='word_1_143' title='bbox 1071 2051 1226 2142; x_wconf 45' lang='lat' dir='ltr'><strong>discres</strong></span> <span class='ocrx_word' id='word_1_144' title='bbox 1267 2100 1273 2106; x_wconf 90' lang='lat'><em>-</em></span> 
     </span>
     <span class='ocr_line' id='line_1_19' title="bbox 93 2142 1202 2249; baseline 0.002 -29"><span class='ocrx_word' id='word_1_145' title='bbox 93 2171 96 2177; x_wconf 84' lang='grc'>’</span> <span class='ocrx_word' id='word_1_146' title='bbox 201 2173 292 2249; x_wconf 80' lang='lat' dir='ltr'><strong>pent,</strong></span> <span class='ocrx_word' id='word_1_147' title='bbox 315 2151 430 2221; x_wconf 87' lang='lat' dir='ltr'><strong>iisdem</strong></span> <span class='ocrx_word' id='word_1_148' title='bbox 451 2153 633 2243; x_wconf 74' lang='lat' dir='ltr'><strong>praeceptis</strong></span> <span class='ocrx_word' id='word_1_149' title='bbox 652 2159 748 2242; x_wconf 75' lang='lat' dir='ltr'><strong>atque</strong></span> <span class='ocrx_word' id='word_1_150' title='bbox 768 2153 805 2217; x_wconf 89' lang='lat' dir='ltr'><strong>in</strong></span> <span class='ocrx_word' id='word_1_151' title='bbox 819 2160 892 2219; x_wconf 80' lang='lat' dir='ltr'><strong>unia·</strong></span> <span class='ocrx_word' id='word_1_152' title='bbox 906 2142 1106 2223; x_wconf 71' lang='lat' dir='ltr'><strong>institutione</strong></span> <span class='ocrx_word' id='word_1_153' title='bbox 1127 2155 1202 2222; x_wconf 85' lang='lat' dir='ltr'><strong>for·-</strong></span> 
     </span>
    </p>
   </div>
   <div class='ocr_carea' id='block_1_2' title="bbox 199 2256 1201 2351">
    <p class='ocr_par' dir='ltr' id='par_1_7' title="bbox 199 2256 1201 2351">
     <span class='ocr_line' id='line_1_20' title="bbox 199 2256 1201 2351; baseline 0.003 -21"><span class='ocrx_word' id='word_1_154' title='bbox 199 2263 302 2331; x_wconf 84' lang='lat' dir='ltr'><strong>msri..</strong></span> <span class='ocrx_word' id='word_1_155' title='bbox 335 2272 389 2337; x_wconf 74' lang='lat'><strong>35.</strong></span> <span class='ocrx_word' id='word_1_156' title='bbox 428 2257 530 2348; x_wconf 86' lang='lat' dir='ltr'><strong>Quod</strong></span> <span class='ocrx_word' id='word_1_157' title='bbox 553 2280 624 2327; x_wconf 92' lang='lat' dir='ltr'><strong>non</strong></span> <span class='ocrx_word' id='word_1_158' title='bbox 646 2274 695 2327; x_wconf 82' lang='lat' dir='ltr'><strong>est</strong></span> <span class='ocrx_word' id='word_1_159' title='bbox 712 2257 778 2344; x_wconf 70' lang='lat' dir='ltr'><strong>ita,</strong></span> <span class='ocrx_word' id='word_1_160' title='bbox 802 2256 1112 2351; x_wconf 82' lang='lat' dir='ltr'><strong>diligentissimeque</strong></span> <span class='ocrx_word' id='word_1_161' title='bbox 1133 2261 1201 2333; x_wconf 83' lang='lat' dir='ltr'><strong>hoc</strong></span> 
     </span>
    </p>
   </div>
   <div class='ocr_carea' id='block_1_3' title="bbox 199 2407 451 2435">
    <p class='ocr_par' dir='ltr' id='par_1_8' title="bbox 199 2407 451 2435">
     <span class='ocr_line' id='line_1_21' title="bbox 199 2407 451 2435; baseline -0.008 -10"><span class='ocrx_word' id='word_1_162' title='bbox 199 2407 384 2433; x_wconf 22' lang='lat' dir='ltr'><strong>my*</strong></span> <span class='ocrx_word' id='word_1_163' title='bbox 448 2428 451 2435; x_wconf 42' lang='lat' dir='ltr'><em>A</em></span> 
     </span>
    </p>
   </div>
   <div class='ocr_carea' id='block_1_4' title="bbox 110 2483 1301 4086">
    <p class='ocr_par' dir='ltr' id='par_1_9' title="bbox 199 2483 1199 2554">
     <span class='ocr_line' id='line_1_22' title="bbox 199 2483 1199 2554; baseline -0.002 -12"><span class='ocrx_word' id='word_1_164' title='bbox 199 2486 253 2542; x_wconf 85' lang='lat' dir='ltr'><strong>cir.</strong></span> <span class='ocrx_word' id='word_1_165' title='bbox 272 2485 354 2541; x_wconf 84' lang='lat' dir='ltr'><strong>Brut.</strong></span> <span class='ocrx_word' id='word_1_166' title='bbox 373 2485 418 2538; x_wconf 79' lang='lat'><strong>45.</strong></span> <span class='ocrx_word' id='word_1_167' title='bbox 441 2484 509 2539; x_wconf 77' lang='lat'>158:</span> <span class='ocrx_word' id='word_1_168' title='bbox 526 2485 590 2539; x_wconf 87' lang='lat' dir='ltr'><strong>Non</strong></span> <span class='ocrx_word' id='word_1_169' title='bbox 607 2484 697 2539; x_wconf 81' lang='lat' dir='ltr'><strong>multa</strong></span> <span class='ocrx_word' id='word_1_170' title='bbox 717 2483 836 2541; x_wconf 79' lang='lat' dir='ltr'><strong>instatis</strong></span> <span class='ocrx_word' id='word_1_171' title='bbox 853 2484 983 2554; x_wconf 81' lang='lat' dir='ltr'><strong>corporis,</strong></span> <span class='ocrx_word' id='word_1_172' title='bbox 1001 2503 1057 2539; x_wconf 85' lang='lat' dir='ltr'><strong>non</strong></span> <span class='ocrx_word' id='word_1_173' title='bbox 1074 2485 1199 2540; x_wconf 86' lang='lat' dir='ltr'><strong>inelina-</strong></span> 
     </span>
    </p>

    <p class='ocr_par' dir='ltr' id='par_1_10' title="bbox 197 2554 1104 2626">
     <span class='ocr_line' id='line_1_23' title="bbox 197 2554 1104 2626; baseline -0.004 -15"><span class='ocrx_word' id='word_1_174' title='bbox 197 2562 239 2611; x_wconf 81' lang='lat' dir='ltr'><strong>&#39;tio</strong></span> <span class='ocrx_word' id='word_1_175' title='bbox 257 2559 340 2621; x_wconf 65' lang='lat' dir='ltr'><strong>nocis,</strong></span> <span class='ocrx_word' id='word_1_176' title='bbox 358 2554 438 2621; x_wconf 76' lang='lat' dir='ltr'><strong>nullu</strong></span> <span class='ocrx_word' id='word_1_177' title='bbox 458 2554 652 2618; x_wconf 73' lang='lat' dir='ltr'><strong>inambulans,</strong></span> <span class='ocrx_word' id='word_1_178' title='bbox 671 2573 726 2606; x_wconf 89' lang='lat' dir='ltr'><strong>non</strong></span> <span class='ocrx_word' id='word_1_179' title='bbox 745 2554 843 2608; x_wconf 83' lang='lat' dir='ltr'><strong>crebra</strong></span> <span class='ocrx_word' id='word_1_180' title='bbox 860 2555 999 2623; x_wconf 76' lang='lat' dir='ltr'><strong>supplosio</strong></span> <span class='ocrx_word' id='word_1_181' title='bbox 1014 2557 1104 2626; x_wconf 85' lang='lat' dir='ltr'><strong>pedis.</strong></span> 
     </span>
    </p>

    <p class='ocr_par' dir='ltr' id='par_1_11' title="bbox 198 2622 1301 2898">
     <span class='ocr_line' id='line_1_24' title="bbox 216 2622 1208 2694; baseline 0.001 -17"><span class='ocrx_word' id='word_1_182' title='bbox 216 2633 219 2638; x_wconf 88' lang='lat'>&#39;</span> <span class='ocrx_word' id='word_1_183' title='bbox 255 2627 300 2677; x_wconf 83' lang='lat' dir='ltr'><strong>&#39;in</strong></span> <span class='ocrx_word' id='word_1_184' title='bbox 319 2622 511 2694; x_wconf 64' lang='lat' dir='ltr'><strong>verlis&#39;qnnm</strong></span> <span class='ocrx_word' id='word_1_185' title='bbox 536 2624 565 2674; x_wconf 90' lang='lat' dir='ltr'><strong>in</strong></span> <span class='ocrx_word' id='word_1_186' title='bbox 584 2624 730 2676; x_wconf 75' lang='lat' dir='ltr'><strong>sententiis</strong></span> <span class='ocrx_word' id='word_1_187' title='bbox 751 2623 886 2691; x_wconf 73' lang='lat' dir='ltr'><strong>eligendis</strong></span> <span class='ocrx_word' id='word_1_188' title='bbox 907 2623 997 2691; x_wconf 79' lang='lat' dir='ltr'><strong>labor]</strong></span> <span class='ocrx_word' id='word_1_189' title='bbox 1041 2623 1089 2677; x_wconf 86' lang='lat' dir='ltr'><strong>Sic</strong></span> <span class='ocrx_word' id='word_1_190' title='bbox 1108 2624 1208 2693; x_wconf 66' lang='lat' dir='ltr'><strong>Nori,</strong></span> 
     </span>
     <span class='ocr_line' id='line_1_25' title="bbox 198 2688 1198 2760; baseline 0.002 -14"><span class='ocrx_word' id='word_1_191' title='bbox 198 2688 610 2760; x_wconf 71' lang='lat' dir='ltr'><strong>Atd,1uns.,cm.‚steph‚‚</strong></span> <span class='ocrx_word' id='word_1_192' title='bbox 633 2689 742 2757; x_wconf 73' lang='lat' dir='ltr'><strong>anb„</strong></span> <span class='ocrx_word' id='word_1_193' title='bbox 768 2691 876 2755; x_wconf 54' lang='lat' dir='ltr'><strong>Psaros</strong></span> <span class='ocrx_word' id='word_1_194' title='bbox 901 2691 976 2758; x_wconf 65' lang='lat' dir='ltr'><strong>Eris,</strong></span> <span class='ocrx_word' id='word_1_195' title='bbox 1000 2693 1090 2756; x_wconf 70' lang='lat' dir='ltr'><strong>Harl„</strong></span> <span class='ocrx_word' id='word_1_196' title='bbox 1115 2690 1198 2751; x_wconf 87' lang='lat' dir='ltr'><strong>Oislr.</strong></span> 
     </span>
     <span class='ocr_line' id='line_1_26' title="bbox 198 2760 1301 2832; baseline 0.002 -17"><span class='ocrx_word' id='word_1_197' title='bbox 198 2763 296 2815; x_wconf 84' lang='lat' dir='ltr'><strong>Verba</strong></span> <span class='ocrx_word' id='word_1_198' title='bbox 323 2768 405 2832; x_wconf 73' lang='lat' dir='ltr'><strong>qnam</strong></span> <span class='ocrx_word' id='word_1_199' title='bbox 434 2763 464 2812; x_wconf 85' lang='lat' dir='ltr'><strong>in</strong></span> <span class='ocrx_word' id='word_1_200' title='bbox 489 2761 636 2813; x_wconf 81' lang='lat' dir='ltr'><strong>sententiis</strong></span> <span class='ocrx_word' id='word_1_201' title='bbox 660 2763 858 2829; x_wconf 83' lang='lat' dir='ltr'><strong>aglossstoris</strong></span> <span class='ocrx_word' id='word_1_202' title='bbox 876 2778 961 2831; x_wconf 80' lang='lat' dir='ltr'><strong>manu</strong></span> <span class='ocrx_word' id='word_1_203' title='bbox 981 2763 1107 2831; x_wconf 85' lang='lat' dir='ltr'><strong>proiecta</strong></span> <span class='ocrx_word' id='word_1_204' title='bbox 1137 2781 1197 2818; x_wconf 82' lang='lat' dir='ltr'><strong>esse</strong></span> <span class='ocrx_word' id='word_1_205' title='bbox 1297 2760 1301 2769; x_wconf 86' lang='lat'>&#39;</span> 
     </span>
     <span class='ocr_line' id='line_1_27' title="bbox 198 2826 1199 2898; baseline -0.002 -13"><span class='ocrx_word' id='word_1_206' title='bbox 198 2830 273 2885; x_wconf 86' lang='lat' dir='ltr'><strong>bene</strong></span> <span class='ocrx_word' id='word_1_207' title='bbox 292 2830 416 2883; x_wconf 80' lang='lat' dir='ltr'><strong>ostendit</strong></span> <span class='ocrx_word' id='word_1_208' title='bbox 431 2826 510 2892; x_wconf 63' lang='lat' dir='ltr'><strong>sch,</strong></span> <span class='ocrx_word' id='word_1_209' title='bbox 526 2834 576 2897; x_wconf 88' lang='lat' dir='ltr'><strong>qni</strong></span> <span class='ocrx_word' id='word_1_210' title='bbox 589 2846 623 2882; x_wconf 86' lang='lat' dir='ltr'><strong>ea</strong></span> <span class='ocrx_word' id='word_1_211' title='bbox 640 2829 754 2895; x_wconf 80' lang='lat' dir='ltr'><strong>delevit,</strong></span> <span class='ocrx_word' id='word_1_212' title='bbox 774 2844 897 2898; x_wconf 85' lang='lat' dir='ltr'><strong>eumque</strong></span> <span class='ocrx_word' id='word_1_213' title='bbox 912 2843 1027 2885; x_wconf 88' lang='lat' dir='ltr'><strong>secutus</strong></span> <span class='ocrx_word' id='word_1_214' title='bbox 1046 2846 1088 2887; x_wconf 86' lang='lat' dir='ltr'><strong>est</strong></span> <span class='ocrx_word' id='word_1_215' title='bbox 1100 2833 1199 2887; x_wconf 77' lang='lat' dir='ltr'><strong>Muel-</strong></span> 
     </span>
    </p>

    <p class='ocr_par' dir='ltr' id='par_1_12' title="bbox 110 2897 1288 3250">
     <span class='ocr_line' id='line_1_28' title="bbox 110 2897 1209 2973; baseline 0 -17"><span class='ocrx_word' id='word_1_216' title='bbox 110 2929 113 2936; x_wconf 80' lang='lat'><strong>,</strong></span> <span class='ocrx_word' id='word_1_217' title='bbox 198 2903 294 2963; x_wconf 79' lang='lat' dir='ltr'><strong>lerus3</strong></span> <span class='ocrx_word' id='word_1_218' title='bbox 323 2916 375 2953; x_wconf 87' lang='lat' dir='ltr'><strong>nos</strong></span> <span class='ocrx_word' id='word_1_219' title='bbox 399 2916 468 2957; x_wconf 62' lang='lat' dir='ltr'><strong>curn,</strong></span> <span class='ocrx_word' id='word_1_220' title='bbox 491 2897 602 2957; x_wconf 88' lang='lat' dir='ltr'><strong>Orellio</strong></span> <span class='ocrx_word' id='word_1_221' title='bbox 629 2907 711 2953; x_wconf 81' lang='lat' dir='ltr'><strong>uncis</strong></span> <span class='ocrx_word' id='word_1_222' title='bbox 735 2902 915 2956; x_wconf 81' lang='lat' dir='ltr'><strong>inclusimus.</strong></span> <span class='ocrx_word' id='word_1_223' title='bbox 947 2900 1209 2973; x_wconf 78' lang='lat' dir='ltr'><strong>=interpolationis</strong></span> 
     </span>
     <span class='ocr_line' id='line_1_29' title="bbox 198 2969 1198 3040; baseline -0.001 -13"><span class='ocrx_word' id='word_1_224' title='bbox 198 2975 392 3040; x_wconf 78' lang='lat' dir='ltr'><strong>suspicionem</strong></span> <span class='ocrx_word' id='word_1_225' title='bbox 411 2982 518 3036; x_wconf 86' lang='lat' dir='ltr'><strong>augent</strong></span> <span class='ocrx_word' id='word_1_226' title='bbox 535 2969 666 3034; x_wconf 80' lang='lat' dir='ltr'><strong>codicum</strong></span> <span class='ocrx_word' id='word_1_227' title='bbox 686 2979 714 3022; x_wconf 88' lang='lat' dir='ltr'><strong>et</strong></span> <span class='ocrx_word' id='word_1_228' title='bbox 732 2973 883 3037; x_wconf 77' lang='lat' dir='ltr'><strong>antiquiss.</strong></span> <span class='ocrx_word' id='word_1_229' title='bbox 902 2969 966 3022; x_wconf 86' lang='lat' dir='ltr'><strong>edd.</strong></span> <span class='ocrx_word' id='word_1_230' title='bbox 985 2975 1016 3023; x_wconf 89' lang='lat' dir='ltr'><strong>in</strong></span> <span class='ocrx_word' id='word_1_231' title='bbox 1036 2971 1080 3024; x_wconf 89' lang='lat' dir='ltr'><strong>his</strong></span> <span class='ocrx_word' id='word_1_232' title='bbox 1101 2971 1198 3026; x_wconf 77' lang='lat' dir='ltr'><strong>verbis</strong></span> 
     </span>
     <span class='ocr_line' id='line_1_30' title="bbox 199 3039 1288 3110; baseline -0.001 -15"><span class='ocrx_word' id='word_1_233' title='bbox 199 3041 411 3108; x_wconf 65' lang='lat' dir='ltr'><strong>discrepantias</strong></span> <span class='ocrx_word' id='word_1_234' title='bbox 447 3043 477 3092; x_wconf 86' lang='lat' dir='ltr'><strong>in</strong></span> <span class='ocrx_word' id='word_1_235' title='bbox 501 3039 593 3094; x_wconf 77' lang='lat' dir='ltr'><strong>verbis</strong></span> <span class='ocrx_word' id='word_1_236' title='bbox 619 3040 756 3110; x_wconf 80' lang='lat' dir='ltr'><strong>eligendis</strong></span> <span class='ocrx_word' id='word_1_237' title='bbox 800 3058 865 3091; x_wconf 82' lang='lat' dir='ltr'><strong>nam</strong></span> <span class='ocrx_word' id='word_1_238' title='bbox 893 3041 923 3092; x_wconf 90' lang='lat' dir='ltr'><strong>in</strong></span> <span class='ocrx_word' id='word_1_239' title='bbox 949 3043 1094 3094; x_wconf 86' lang='lat' dir='ltr'><strong>sententiis</strong></span> <span class='ocrx_word' id='word_1_240' title='bbox 1118 3043 1182 3094; x_wconf 86' lang='lat' dir='ltr'><strong>labo</strong></span> <span class='ocrx_word' id='word_1_241' title='bbox 1282 3077 1288 3086; x_wconf 88' lang='lat'><em>-</em></span> 
     </span>
     <span class='ocr_line' id='line_1_31' title="bbox 198 3058 1199 3180; baseline -0.001 -15"><span class='ocrx_word' id='word_1_242' title='bbox 198 3111 292 3165; x_wconf 77' lang='lat' dir='ltr'><strong>Hauc.</strong></span> <span class='ocrx_word' id='word_1_243' title='bbox 311 3109 348 3167; x_wconf 69' lang='lat' dir='ltr'><strong>A,</strong></span> <span class='ocrx_word' id='word_1_244' title='bbox 366 3138 401 3149; x_wconf 94' lang='lat'><em>-</em></span> <span class='ocrx_word' id='word_1_245' title='bbox 421 3109 451 3161; x_wconf 85' lang='lat' dir='ltr'><strong>in</strong></span> <span class='ocrx_word' id='word_1_246' title='bbox 471 3109 607 3163; x_wconf 76' lang='lat' dir='ltr'><strong>verbiset</strong></span> <span class='ocrx_word' id='word_1_247' title='bbox 626 3109 743 3173; x_wconf 79' lang='lat' dir='ltr'><strong>intent.</strong></span> <span class='ocrx_word' id='word_1_248' title='bbox 764 3058 829 3179; x_wconf 68' lang='lat' dir='ltr'><strong>alig.</strong></span> <span class='ocrx_word' id='word_1_249' title='bbox 855 3127 937 3180; x_wconf 84' lang='lat' dir='ltr'><strong>quens</strong></span> <span class='ocrx_word' id='word_1_250' title='bbox 958 3110 1037 3164; x_wconf 85' lang='lat' dir='ltr'><strong>labor</strong></span> <span class='ocrx_word' id='word_1_251' title='bbox 1054 3061 1199 3176; x_wconf 70' lang='lat' dir='ltr'><strong>Hernll,</strong></span> 
     </span>
     <span class='ocr_line' id='line_1_32' title="bbox 199 3176 1237 3250; baseline -0.001 -17"><span class='ocrx_word' id='word_1_252' title='bbox 199 3181 266 3237; x_wconf 83' lang='lat' dir='ltr'><strong>Vet.</strong></span> <span class='ocrx_word' id='word_1_253' title='bbox 284 3177 394 3246; x_wconf 69' lang='lat' dir='ltr'><strong>steph,</strong></span> <span class='ocrx_word' id='word_1_254' title='bbox 415 3177 506 3244; x_wconf 65' lang='lat' dir='ltr'><strong>Cant„</strong></span> <span class='ocrx_word' id='word_1_255' title='bbox 524 3199 553 3240; x_wconf 83' lang='grc' dir='ltr'><strong>α,</strong></span> <span class='ocrx_word' id='word_1_256' title='bbox 571 3196 593 3242; x_wconf 84' lang='lat' dir='ltr'><strong>a,</strong></span> <span class='ocrx_word' id='word_1_257' title='bbox 610 3194 634 3250; x_wconf 76' lang='grc' dir='ltr'><em>ψ</em></span> <span class='ocrx_word' id='word_1_258' title='bbox 651 3179 740 3243; x_wconf 87' lang='lat' dir='ltr'><strong>(unde</strong></span> <span class='ocrx_word' id='word_1_259' title='bbox 757 3176 980 3245; x_wconf 88' lang='lat' dir='ltr'><strong>Melanehthon,</strong></span> <span class='ocrx_word' id='word_1_260' title='bbox 998 3197 1083 3248; x_wconf 84' lang='lat' dir='ltr'><strong>quern</strong></span> <span class='ocrx_word' id='word_1_261' title='bbox 1102 3185 1199 3248; x_wconf 86' lang='lat' dir='ltr'><strong>sequi·</strong></span> <span class='ocrx_word' id='word_1_262' title='bbox 1234 3197 1237 3201; x_wconf 49' lang='lat'><strong>¹</strong></span> 
     </span>
    </p>

    <p class='ocr_par' dir='ltr' id='par_1_13' title="bbox 166 3246 1278 3668">
     <span class='ocr_line' id='line_1_33' title="bbox 166 3246 1200 3330; baseline -0.005 -25"><span class='ocrx_word' id='word_1_263' title='bbox 166 3252 169 3256; x_wconf 68' lang='grc'>’</span> <span class='ocrx_word' id='word_1_264' title='bbox 200 3263 250 3305; x_wconf 89' lang='lat' dir='ltr'><strong>tur</strong></span> <span class='ocrx_word' id='word_1_265' title='bbox 274 3250 302 3309; x_wconf 84' lang='lat' dir='ltr'><strong>le</strong></span> <span class='ocrx_word' id='word_1_266' title='bbox 320 3246 416 3320; x_wconf 81' lang='lat' dir='ltr'><strong>Clere:</strong></span> <span class='ocrx_word' id='word_1_267' title='bbox 447 3250 476 3302; x_wconf 85' lang='lat' dir='ltr'><strong>in</strong></span> <span class='ocrx_word' id='word_1_268' title='bbox 492 3247 584 3307; x_wconf 65' lang='lat' dir='ltr'><strong>verbis</strong></span> <span class='ocrx_word' id='word_1_269' title='bbox 602 3256 632 3300; x_wconf 84' lang='lat' dir='ltr'><strong>st</strong></span> <span class='ocrx_word' id='word_1_270' title='bbox 651 3249 682 3300; x_wconf 90' lang='lat' dir='ltr'><strong>in</strong></span> <span class='ocrx_word' id='word_1_271' title='bbox 699 3259 770 3302; x_wconf 86' lang='lat' dir='ltr'><strong>sent.</strong></span> <span class='ocrx_word' id='word_1_272' title='bbox 789 3249 856 3330; x_wconf 80' lang='lat' dir='ltr'><strong>elig.</strong></span> <span class='ocrx_word' id='word_1_273' title='bbox 877 3248 980 3315; x_wconf 81' lang='lat' dir='ltr'><strong>labor),</strong></span> <span class='ocrx_word' id='word_1_274' title='bbox 998 3278 1034 3288; x_wconf 89' lang='lat'><em>-</em></span> <span class='ocrx_word' id='word_1_275' title='bbox 1058 3251 1088 3304; x_wconf 86' lang='lat' dir='ltr'><strong>in</strong></span> <span class='ocrx_word' id='word_1_276' title='bbox 1105 3251 1200 3304; x_wconf 69' lang='lat' dir='ltr'><strong>verbis</strong></span> 
     </span>
     <span class='ocr_line' id='line_1_34' title="bbox 201 3314 1219 3391; baseline -0.001 -17"><span class='ocrx_word' id='word_1_277' title='bbox 201 3332 230 3374; x_wconf 90' lang='lat' dir='ltr'><strong>et</strong></span> <span class='ocrx_word' id='word_1_278' title='bbox 248 3322 278 3373; x_wconf 90' lang='lat' dir='ltr'><strong>in</strong></span> <span class='ocrx_word' id='word_1_279' title='bbox 296 3327 367 3383; x_wconf 81' lang='lat' dir='ltr'><strong>sent.</strong></span> <span class='ocrx_word' id='word_1_280' title='bbox 387 3318 521 3388; x_wconf 84' lang='lat' dir='ltr'><strong>eligendis</strong></span> <span class='ocrx_word' id='word_1_281' title='bbox 541 3318 605 3384; x_wconf 81' lang='lat' dir='ltr'><strong>ltine</strong></span> <span class='ocrx_word' id='word_1_282' title='bbox 624 3318 705 3371; x_wconf 84' lang='lat' dir='ltr'><strong>labor</strong></span> <span class='ocrx_word' id='word_1_283' title='bbox 721 3314 747 3373; x_wconf 82' lang='lat' dir='ltr'><strong>d.</strong></span> <span class='ocrx_word' id='word_1_284' title='bbox 773 3344 808 3358; x_wconf 86' lang='lat'><strong>-·</strong></span> <span class='ocrx_word' id='word_1_285' title='bbox 825 3337 856 3371; x_wconf 83' lang='lat' dir='ltr'><strong>tn</strong></span> <span class='ocrx_word' id='word_1_286' title='bbox 881 3319 972 3373; x_wconf 75' lang='lat' dir='ltr'><strong>verbis</strong></span> <span class='ocrx_word' id='word_1_287' title='bbox 992 3329 1020 3371; x_wconf 88' lang='lat' dir='ltr'><strong>et</strong></span> <span class='ocrx_word' id='word_1_288' title='bbox 1038 3321 1068 3373; x_wconf 90' lang='lat' dir='ltr'><strong>in</strong></span> <span class='ocrx_word' id='word_1_289' title='bbox 1088 3339 1112 3372; x_wconf 86' lang='lat' dir='ltr'><strong>s.</strong></span> <span class='ocrx_word' id='word_1_290' title='bbox 1130 3318 1219 3391; x_wconf 73' lang='lat' dir='ltr'><strong>elig.&#39;</strong></span> 
     </span>
     <span class='ocr_line' id='line_1_35' title="bbox 199 3385 1199 3463; baseline 0 -21"><span class='ocrx_word' id='word_1_291' title='bbox 199 3408 283 3463; x_wconf 77' lang='lat' dir='ltr'><strong>quam</strong></span> <span class='ocrx_word' id='word_1_292' title='bbox 301 3389 454 3443; x_wconf 83' lang='lat' dir='ltr'><strong>Antonium</strong></span> <span class='ocrx_word' id='word_1_293' title='bbox 475 3388 555 3442; x_wconf 80' lang='lat' dir='ltr'><strong>labor</strong></span> <span class='ocrx_word' id='word_1_294' title='bbox 573 3385 636 3441; x_wconf 87' lang='lat' dir='ltr'><strong>cdd.</strong></span> <span class='ocrx_word' id='word_1_295' title='bbox 651 3391 809 3456; x_wconf 72' lang='lat' dir='ltr'><strong>antiquiss,</strong></span> <span class='ocrx_word' id='word_1_296' title='bbox 827 3403 915 3456; x_wconf 85' lang='lat' dir='ltr'><strong>marg.</strong></span> <span class='ocrx_word' id='word_1_297' title='bbox 930 3385 1014 3454; x_wconf 65' lang='lat' dir='ltr'><strong>Crat„</strong></span> <span class='ocrx_word' id='word_1_298' title='bbox 1032 3390 1108 3442; x_wconf 88' lang='lat' dir='ltr'><strong>unde</strong></span> <span class='ocrx_word' id='word_1_299' title='bbox 1120 3386 1199 3447; x_wconf 82' lang='lat' dir='ltr'><strong>Man.</strong></span> 
     </span>
     <span class='ocr_line' id='line_1_36' title="bbox 199 3457 1278 3529; baseline -0.001 -16"><span class='ocrx_word' id='word_1_300' title='bbox 199 3471 229 3513; x_wconf 88' lang='lat' dir='ltr'><strong>et</strong></span> <span class='ocrx_word' id='word_1_301' title='bbox 248 3458 330 3512; x_wconf 85' lang='lat' dir='ltr'><strong>Grut.</strong></span> <span class='ocrx_word' id='word_1_302' title='bbox 345 3457 506 3523; x_wconf 65' lang='lat' dir='ltr'><strong>iecoruntr</strong></span> <span class='ocrx_word' id='word_1_303' title='bbox 524 3459 554 3510; x_wconf 92' lang='lat' dir='ltr'><strong>in</strong></span> <span class='ocrx_word' id='word_1_304' title='bbox 577 3458 722 3510; x_wconf 66' lang='lat' dir='ltr'><strong>verbices</strong></span> <span class='ocrx_word' id='word_1_305' title='bbox 748 3459 777 3511; x_wconf 89' lang='lat' dir='ltr'><strong>in</strong></span> <span class='ocrx_word' id='word_1_306' title='bbox 795 3476 818 3510; x_wconf 85' lang='lat' dir='ltr'><strong>s.</strong></span> <span class='ocrx_word' id='word_1_307' title='bbox 835 3459 902 3528; x_wconf 84' lang='lat' dir='ltr'><strong>elig.</strong></span> <span class='ocrx_word' id='word_1_308' title='bbox 927 3478 1089 3529; x_wconf 67' lang='lat' dir='ltr'><strong>quamnam</strong></span> <span class='ocrx_word' id='word_1_309' title='bbox 1108 3461 1196 3516; x_wconf 81' lang='lat' dir='ltr'><strong>lobni.</strong></span> <span class='ocrx_word' id='word_1_310' title='bbox 1272 3513 1278 3518; x_wconf 78' lang='grc'><strong>,</strong></span> 
     </span>
     <span class='ocr_line' id='line_1_37' title="bbox 200 3524 970 3597; baseline -0.003 -15"><span class='ocrx_word' id='word_1_311' title='bbox 200 3558 235 3570; x_wconf 91' lang='lat'><em>-</em></span> <span class='ocrx_word' id='word_1_312' title='bbox 253 3531 297 3582; x_wconf 90' lang='lat' dir='ltr'><strong>De</strong></span> <span class='ocrx_word' id='word_1_313' title='bbox 318 3544 348 3580; x_wconf 87' lang='lat' dir='ltr'><strong>re</strong></span> <span class='ocrx_word' id='word_1_314' title='bbox 369 3527 581 3592; x_wconf 79' lang='lat' dir='ltr'><strong>iaml‘eercius</strong></span> <span class='ocrx_word' id='word_1_315' title='bbox 607 3528 730 3595; x_wconf 80' lang='lat' dir='ltr'><strong>contulit</strong></span> <span class='ocrx_word' id='word_1_316' title='bbox 746 3524 827 3585; x_wconf 83' lang='lat' dir='ltr'><strong>Bsut.</strong></span> <span class='ocrx_word' id='word_1_317' title='bbox 847 3527 892 3597; x_wconf 76' lang='lat'><strong>57.</strong></span> <span class='ocrx_word' id='word_1_318' title='bbox 913 3532 970 3584; x_wconf 82' lang='lat' dir='ltr'><strong>rio.</strong></span> 
     </span>
     <span class='ocr_line' id='line_1_38' title="bbox 194 3594 1196 3668; baseline 0.01 -23"><span class='ocrx_word' id='word_1_319' title='bbox 194 3640 225 3654; x_wconf 58' lang='grc'><strong>,.</strong></span> <span class='ocrx_word' id='word_1_320' title='bbox 275 3598 299 3665; x_wconf 57' lang='grc' dir='ltr'><strong>ᾗ.</strong></span> <span class='ocrx_word' id='word_1_321' title='bbox 323 3597 366 3650; x_wconf 76' lang='lat'><strong>34.</strong></span> <span class='ocrx_word' id='word_1_322' title='bbox 412 3594 560 3667; x_wconf 80' lang='lat' dir='ltr'><strong>facultate</strong></span> <span class='ocrx_word' id='word_1_323' title='bbox 582 3594 679 3668; x_wconf 69' lang='lat' dir='ltr'><strong>&#39;magis</strong></span> <span class='ocrx_word' id='word_1_324' title='bbox 712 3614 795 3667; x_wconf 84' lang='lat' dir='ltr'><strong>quom</strong></span> <span class='ocrx_word' id='word_1_325' title='bbox 822 3597 934 3667; x_wconf 85' lang='lat' dir='ltr'><strong>genere]</strong></span> <span class='ocrx_word' id='word_1_326' title='bbox 984 3597 1107 3653; x_wconf 87' lang='lat' dir='ltr'><strong>&#39;’Sertsus</strong></span> <span class='ocrx_word' id='word_1_327' title='bbox 1134 3613 1196 3656; x_wconf 84' lang='lat' dir='ltr'><strong>est:</strong></span> 
     </span>
    </p>

    <p class='ocr_par' dir='ltr' id='par_1_14' title="bbox 115 3666 1233 4086">
     <span class='ocr_line' id='line_1_39' title="bbox 115 3666 1198 3736; baseline 0.006 -19"><span class='ocrx_word' id='word_1_328' title='bbox 115 3712 119 3717; x_wconf 84' lang='lat'><strong>.</strong></span> <span class='ocrx_word' id='word_1_329' title='bbox 151 3691 158 3702; x_wconf 49' lang='grc' dir='ltr'><em>ι</em></span> <span class='ocrx_word' id='word_1_330' title='bbox 199 3685 289 3736; x_wconf 86' lang='lat' dir='ltr'><strong>quum</strong></span> <span class='ocrx_word' id='word_1_331' title='bbox 309 3667 445 3731; x_wconf 84' lang='lat' dir='ltr'><strong>dicimus,</strong></span> <span class='ocrx_word' id='word_1_332' title='bbox 468 3668 557 3720; x_wconf 86' lang='lat' dir='ltr'><strong>alium</strong></span> <span class='ocrx_word' id='word_1_333' title='bbox 578 3678 720 3719; x_wconf 82' lang='lat' dir='ltr'><strong>oratorem</strong></span> <span class='ocrx_word' id='word_1_334' title='bbox 737 3666 884 3718; x_wconf 84' lang='lat' dir='ltr'><strong>meliorem</strong></span> <span class='ocrx_word' id='word_1_335' title='bbox 902 3683 980 3733; x_wconf 88' lang='lat' dir='ltr'><strong>esse,</strong></span> <span class='ocrx_word' id='word_1_336' title='bbox 1007 3671 1096 3721; x_wconf 89' lang='lat' dir='ltr'><strong>alium</strong></span> <span class='ocrx_word' id='word_1_337' title='bbox 1116 3669 1198 3724; x_wconf 86' lang='lat' dir='ltr'><strong>dete-</strong></span> 
     </span>
     <span class='ocr_line' id='line_1_40' title="bbox 198 3733 1199 3807; baseline 0.006 -18"><span class='ocrx_word' id='word_1_338' title='bbox 198 3741 315 3799; x_wconf 85' lang='lat' dir='ltr'><strong>riorem,</strong></span> <span class='ocrx_word' id='word_1_339' title='bbox 334 3752 369 3789; x_wconf 87' lang='lat' dir='ltr'><strong>eo</strong></span> <span class='ocrx_word' id='word_1_340' title='bbox 384 3737 493 3790; x_wconf 85' lang='lat' dir='ltr'><strong>iudicio</strong></span> <span class='ocrx_word' id='word_1_341' title='bbox 508 3753 569 3789; x_wconf 90' lang='lat' dir='ltr'><strong>non</strong></span> <span class='ocrx_word' id='word_1_342' title='bbox 586 3733 789 3804; x_wconf 84' lang='lat' dir='ltr'><strong>significamus,</strong></span> <span class='ocrx_word' id='word_1_343' title='bbox 807 3736 887 3789; x_wconf 90' lang='lat' dir='ltr'><strong>iliius</strong></span> <span class='ocrx_word' id='word_1_344' title='bbox 902 3743 1024 3807; x_wconf 78' lang='lat' dir='ltr'><strong>oratoris</strong></span> <span class='ocrx_word' id='word_1_345' title='bbox 1043 3753 1134 3805; x_wconf 85' lang='lat' dir='ltr'><strong>genus</strong></span> <span class='ocrx_word' id='word_1_346' title='bbox 1153 3740 1199 3796; x_wconf 84' lang='lat' dir='ltr'><strong>di·</strong></span> 
     </span>
     <span class='ocr_line' id='line_1_41' title="bbox 199 3803 1198 3878; baseline -0.004 -19"><span class='ocrx_word' id='word_1_347' title='bbox 199 3805 284 3859; x_wconf 89' lang='lat' dir='ltr'><strong>cendi</strong></span> <span class='ocrx_word' id='word_1_348' title='bbox 301 3810 398 3878; x_wconf 89' lang='lat' dir='ltr'><strong>potius</strong></span> <span class='ocrx_word' id='word_1_349' title='bbox 416 3822 581 3874; x_wconf 75' lang='lat' dir='ltr'><strong>essequam</strong></span> <span class='ocrx_word' id='word_1_350' title='bbox 601 3806 705 3865; x_wconf 78' lang='lat' dir='ltr'><strong>huinst</strong></span> <span class='ocrx_word' id='word_1_351' title='bbox 732 3803 886 3871; x_wconf 84' lang='lat' dir='ltr'><strong>indispari</strong></span> <span class='ocrx_word' id='word_1_352' title='bbox 905 3809 982 3858; x_wconf 82' lang='lat' dir='ltr'><strong>enirn</strong></span> <span class='ocrx_word' id='word_1_353' title='bbox 1002 3823 1107 3874; x_wconf 86' lang='lat' dir='ltr'><strong>genere</strong></span> <span class='ocrx_word' id='word_1_354' title='bbox 1128 3827 1198 3878; x_wconf 70' lang='lat' dir='ltr'><strong>pos.</strong></span> 
     </span>
     <span class='ocr_line' id='line_1_42' title="bbox 199 3874 1197 3941; baseline 0.006 -13"><span class='ocrx_word' id='word_1_355' title='bbox 199 3884 265 3930; x_wconf 88' lang='lat' dir='ltr'><strong>sunt</strong></span> <span class='ocrx_word' id='word_1_356' title='bbox 286 3889 346 3925; x_wconf 88' lang='lat' dir='ltr'><strong>osse</strong></span> <span class='ocrx_word' id='word_1_357' title='bbox 366 3891 444 3941; x_wconf 84' lang='lat' dir='ltr'><strong>aequo</strong></span> <span class='ocrx_word' id='word_1_358' title='bbox 461 3874 635 3936; x_wconf 76' lang='lat' dir='ltr'><strong>iaudsbiless</strong></span> <span class='ocrx_word' id='word_1_359' title='bbox 654 3874 704 3931; x_wconf 79' lang='lat' dir='ltr'><strong>scd</strong></span> <span class='ocrx_word' id='word_1_360' title='bbox 721 3875 847 3939; x_wconf 87' lang='lat' dir='ltr'><strong>intelligi</strong></span> <span class='ocrx_word' id='word_1_361' title='bbox 866 3877 1010 3939; x_wconf 77' lang='lat' dir='ltr'><strong>volumus,</strong></span> <span class='ocrx_word' id='word_1_362' title='bbox 1030 3878 1114 3931; x_wconf 82' lang='lat' dir='ltr'><strong>illurn</strong></span> <span class='ocrx_word' id='word_1_363' title='bbox 1132 3897 1197 3934; x_wconf 88' lang='lat' dir='ltr'><strong>ora·</strong></span> 
     </span>
     <span class='ocr_line' id='line_1_43' title="bbox 196 3941 1233 4018; baseline 0.003 -18"><span class='ocrx_word' id='word_1_364' title='bbox 196 3957 290 4000; x_wconf 84' lang='lat' dir='ltr'><strong>torem</strong></span> <span class='ocrx_word' id='word_1_365' title='bbox 309 3942 443 4003; x_wconf 84' lang='lat' dir='ltr'><strong>iscultste</strong></span> <span class='ocrx_word' id='word_1_366' title='bbox 462 3947 622 4018; x_wconf 67' lang='lat' dir='ltr'><strong>excellere,</strong></span> <span class='ocrx_word' id='word_1_367' title='bbox 640 3943 675 3997; x_wconf 89' lang='lat' dir='ltr'><strong>id.</strong></span> <span class='ocrx_word' id='word_1_368' title='bbox 688 3953 741 4006; x_wconf 88' lang='lat' dir='ltr'><strong>est,</strong></span> <span class='ocrx_word' id='word_1_369' title='bbox 759 3943 825 4011; x_wconf 84' lang='lat' dir='ltr'><strong>pius</strong></span> <span class='ocrx_word' id='word_1_370' title='bbox 844 3948 874 3995; x_wconf 93' lang='lat' dir='ltr'><strong>in</strong></span> <span class='ocrx_word' id='word_1_371' title='bbox 893 3960 947 3998; x_wconf 87' lang='lat' dir='ltr'><strong>suo</strong></span> <span class='ocrx_word' id='word_1_372' title='bbox 974 3961 1078 4014; x_wconf 84' lang='lat' dir='ltr'><strong>genere</strong></span> <span class='ocrx_word' id='word_1_373' title='bbox 1090 3950 1193 4013; x_wconf 48' lang='lat' dir='ltr'><strong>‚valere</strong></span> <span class='ocrx_word' id='word_1_374' title='bbox 1228 3941 1233 3947; x_wconf 79' lang='grc'><strong>’</strong></span> 
     </span>
     <span class='ocr_line' id='line_1_44' title="bbox 198 4011 1097 4086; baseline 0.003 -18"><span class='ocrx_word' id='word_1_375' title='bbox 198 4031 283 4086; x_wconf 85' lang='lat' dir='ltr'><strong>qnam</strong></span> <span class='ocrx_word' id='word_1_376' title='bbox 303 4013 380 4068; x_wconf 88' lang='lat' dir='ltr'><strong>hunc</strong></span> <span class='ocrx_word' id='word_1_377' title='bbox 398 4018 430 4069; x_wconf 91' lang='lat' dir='ltr'><strong>in</strong></span> <span class='ocrx_word' id='word_1_378' title='bbox 448 4030 493 4082; x_wconf 91' lang='lat' dir='ltr'><strong>co,</strong></span> <span class='ocrx_word' id='word_1_379' title='bbox 510 4012 588 4085; x_wconf 81' lang='lat' dir='ltr'><strong>quod</strong></span> <span class='ocrx_word' id='word_1_380' title='bbox 606 4011 662 4068; x_wconf 86' lang='lat' dir='ltr'><strong>sibi</strong></span> <span class='ocrx_word' id='word_1_381' title='bbox 680 4015 829 4085; x_wconf 81' lang='lat' dir='ltr'><strong>proprium</strong></span> <span class='ocrx_word' id='word_1_382' title='bbox 852 4012 964 4070; x_wconf 79' lang='lat' dir='ltr'><strong>hebet.&#39;’</strong></span> <span class='ocrx_word' id='word_1_383' title='bbox 990 4014 1097 4082; x_wconf 16' lang='lat' dir='ltr'><strong>,Pente</strong></span> 
     </span>
    </p>
   </div>
   <div class='ocr_carea' id='block_1_5' title="bbox 0 0 1314 4440">
    <p class='ocr_par' dir='ltr' id='par_1_15' title="bbox 0 0 1314 4440">
     <span class='ocr_line' id='line_1_45' title="bbox 0 0 1314 4440; baseline 0 3"><span class='ocrx_word' id='word_1_384' title='bbox 0 0 1314 4440; x_wconf 95' lang='lat' dir='ltr'><strong> </strong></span> 
     </span>
    </p>
   </div>
  </div>
 </body>
</html>
