2618 4440
180 307 209 356 x·
283 294 286 299 '
466 359 471 367 k
562 261 796 358 'Pensatum

100 508 104 526 .
179 458 255 496 nunc
274 409 426 498 obscurum
444 446 502 510 est,
530 429 629 500 utrum
654 449 747 502 totum
765 445 891 516 codicem
910 445 1089 519 euctpse'rtt
1107 450 1179 521 (los-¹

177 564 241 602 mus
259 537 473 614 Cremonensis,
497 562 534 602 an
551 548 671 608 lacunas
689 566 722 605 ex
745 551 843 628 codice
859 553 1002 608 baudensl
1018 554 1096 609 lectu
1118 555 1176 609 dil-

176 651 306 709 ticillimo
323 651 477 720 explevisse
492 657 639 708 contentus
662 654 775 726 reliqua
800 673 834 711 ex
857 656 1065 726 antiquioribus
1079 674 1175 713 exem·

125 808 137 815 ..
176 754 307 826 pluribus
324 755 498 827 repetiverit.
538 757 578 811 Ut
595 758 670 814 nunc
693 775 740 813 res
757 764 809 826 est,
824 759 901 815 illud
924 766 1037 816 tuntum
1054 767 1174 829 constat,

174 877 210 914 cx
225 859 334 931 duplici
350 859 402 913 illo
423 859 552 915 codicum
572 878 681 932 genere
696 869 868 918 connatam
888 881 948 920 asae
965 865 1110 936 duplicem
1128 867 1175 933 tp-

122 1022 128 1031 ,
174 964 298 1030 milium,
316 964 365 1019 sed
383 980 490 1030 omnes,
508 970 648 1035 quotquot
661 971 780 1033 exstant,
798 967 909 1023 codices
929 969 1104 1041 antiquiores
1121 986 1175 1041 pa·

171 1069 246 1125 ‘riter
264 1085 298 1122 ac
315 1068 487 1147 recentiores
513 1070 617 1147 saltem
633 1068 663 1124 iu
680 1071 757 1126 libro
776 1072 814 1128 ll.
835 1077 864 1126 et
881 1072 931 1127 lll.
950 1091 984 1128 ea
1004 1075 1104 1128 eodem
1124 1091 1171 1130 sa·

174 1173 211 1228 tis
229 1173 345 1228 turbido
362 1173 443 1226 tonte
459 1172 583 1228 tinxisse.
619 1175 693 1230 Nasu
710 1192 767 1246 quo
787 1175 880 1248 magis
897 1178 933 1232 ab
948 1177 1028 1241 initio
1045 1177 1114 1232 libri
1133 1177 1171 1233 ll.

172 1276 353 1349 proceditur,
379 1294 412 1330 eo
429 1277 522 1348 magis
543 1280 672 1349 corrupti
695 1264 761 1334 sunt
784 1285 814 1334 et
832 1282 1051 1352 glossematibus
1069 1281 1172 1335 reterti

161 1399 284 1447 omum,
310 1372 466 1450 iisdemque
484 1377 513 1436 in
535 1381 613 1437 vitiis
636 1359 698 1439 iero
721 1383 829 1456 ubique¹
851 1384 893 1440 ita
911 1385 1104 1451 consentiunt,
1135 1390 1170 1440 ut

170 1506 205 1544 cx
218 1488 319 1542 eodem
336 1485 482 1540 universes
499 1486 655 1558 archetypo
673 1493 723 1547 aut
740 1490 874 1543 mendose
898 1489 1004 1560 scripto
1028 1495 1079 1543 aut
1092 1505 1170 1560 pro·

172 1597 237 1664 pter
255 1589 392 1669 evanidos
406 1591 570 1644 litterarum
582 1591 683 1644 ductus
700 1593 778 1645 lectu
791 1592 963 1647 difficillimo
974 1593 1023 1646 vel
1042 1609 1076 1645 ex
1096 1592 1172 1647 eius·

70 1683 74 1688 ¹
170 1695 250 1751 modi
274 1691 379 1748 vetusti
397 1692 566 1762 exemplaris
581 1695 755 1762 apographis
779 1693 920 1764 originem
936 1695 1066 1760 traxisse,
1087 1700 1171 1764 quot·

170 1801 241 1868 quot
268 1796 362 1850 adbuc
380 1793 479 1848 collati
501 1800 569 1849 sunt
585 1794 712 1860 codices,
736 1797 918 1852 menifestum
936 1798 981 1852 sit.
1036 1797 1114 1852 Idem
1135 1800 1171 1860 de

170 1898 373 1971 antiquissimis
396 1897 566 1952 editionibus
581 1898 766 1954 iudicandum
785 1907 840 1967 ost,
873 1919 933 1973 quse
951 1919 985 1957 ex
1003 1903 1171 1957 recentiori-

138 2042 142 2051 ,
169 2005 223 2060 bus
239 1982 381 2074 pleraque
399 2001 543 2064 codicibus
565 2003 641 2075 typis
659 2004 804 2075 descripte
821 1986 903 2072 sudt3
923 1992 952 2059 in
968 2004 1014 2060 his
1032 2023 1092 2076 qua
1113 2005 1169 2060 ali·

170 2089 315 2178 ten-'atque
338 2107 368 2161 in
387 2106 536 2161 codicibus·
548 2107 701 2178 leguntur,
728 2125 762 2162 er
780 2108 928 2163 doctorum
947 2127 1003 2164 sec.
1021 2101 1073 2163 xv
1090 2108 1170 2165 viro·
1204 2145 1206 2151 ι

169 2230 235 2268 rum
256 2209 479 2267 correctionibus
503 2210 725 2281 protestarunt.
768 2190 866 2283 Neque
883 2219 979 2269 tamen
1000 2210 1063 2267 ideo
1084 2229 1168 2267 omne

113 2380 118 2385 ,
168 2300 293 2390 pretium
311 2316 440 2371 codicum
461 2314 662 2370 collationibus
683 2322 726 2371 ost
747 2316 978 2385 abiudicandum‚
998 2332 1088 2386 neque
1101 2293 1168 2370 lau-

54 2413 57 2419 *
105 2414 108 2420 ⁵
167 2423 254 2477 dandi
271 2426 337 2476 suut
353 2421 384 2486 ii,
412 2420 470 2490 qui,
488 2425 539 2474 aut
556 2416 670 2474 omuino
695 2437 752 2473 non
770 2421 905 2475 consultis
923 2412 981 2493 'taut
998 2420 1169 2492 posthabitis

168 2527 251 2582 libris
268 2525 362 2590 MSS,
397 2523 525 2577 diuinare
543 2539 629 2592 quam
648 2521 788 2575 coniiccre
805 2525 979 2577 maluerunt
1021 2525 1095 2598 llam
1116 2523 1169 2578 etsi

168 2648 266 2696 omnes
283 2627 393 2682 codices
411 2625 581 2695 corruptelis
602 2630 630 2690 et
646 2618 865 2694 glossematibus
883 2626 1033 2693 laborant,
1055 2628 1107 2682 alii
1123 2634 1168 2682 tu-

168 2751 235 2788 men
255 2725 320 2786 aliis
344 2734 409 2783 sunt
428 2728 522 2799 magis
545 2726 690 2798 corrupti,
720 2727 772 2781 alii
790 2728 854 2783 aliis
871 2703 963 2802 magis
982 2730 1167 2801 interpolati3

160 2842 196 2899 et
214 2835 238 2889 ai
256 2834 287 2888 iu
306 2831 405 2886 multis
423 2830 493 2884 locis
512 2830 609 2905 omnes
629 2832 738 2905 codices
762 2838 821 2888 tum
845 2824 948 2886 misere
966 2841 1031 2888 suot
1050 2835 1170 2900 foedati,

128 2970 130 2975 ·
167 2946 201 2993 ut
224 2938 299 2992 nibil
320 2936 386 2989 iude
405 2933 523 2988 subsidii
548 2936 608 3005 peti
631 2936 735 3007 possit,
771 2937 801 2991 in
828 2938 973 2992 nonnullis
1000 2945 1095 2992 tanuen
1115 2937 1168 2992 alii

168 3040 261 3114 magis
279 3038 343 3094 aliis
359 3038 383 3091 si
401 3037 494 3091 minus
511 3043 599 3107 recta,
618 3045 754 3093 attamen
775 3037 848 3095 recti
865 3039 988 3111 vestigia
1006 3044 1167 3107 ostendunt,

167 3146 259 3203 cautis
278 3151 307 3199 et
324 3140 424 3214 peritis
448 3138 555 3196 criticis
579 3142 836 3229 nouxuegligenda:
880 3145 923 3198 Ex
940 3144 1169 3221 uostris-codici}

166 3254 222 3308 bus
245 3251 275 3306 in
302 3249 378 3306 libro
405 3245 498 3319 primo
520 3245 692 3320 antiquiores
718 3233 781 3299 lere
805 3252 872 3301 suut
895 3248 1045 3314 meliores,
1074 3266 1167 3319 neque

165 3358 261 3414 solum
276 3355 429 3409 rectiorem
446 3366 520 3421 sepe
536 3351 690 3405 verborum
705 3327 836 3408 ordinem
850 3351 993 3419 exhibent,
1010 3353 1059 3406 sed
1078 3354 1166 3407 etiam

167 3459 279 3529 aliquot
302 3458 373 3517 locis
397 3457 453 3512 soli
476 3470 560 3509 ueras
588 3433 727 3530 lectiones
752 3463 885 3524 servant3
920 3440 969 3512 sed
993 3475 1050 3512 non
1068 3457 1109 3509 ita
1127 3443 1192 3531 cb‘

167 3562 299 3620 omnibus
315 3561 521 3616 recentioribus
545 3558 683 3613 differunt
708 3577 799 3630 neque
818 3558 859 3614 ita
879 3563 1040 3623 excellunt,
1077 3564 1110 3611 ut
1128 3559 1165 3614 od

164 3665 308 3740 potiorem
331 3666 474 3721 familiam
498 3663 641 3718 referendi
667 3670 717 3717 aut
740 3663 795 3717 soli
819 3680 932 3735 semper
949 3662 1084 3732 sequendi
1104 3682 1164 3718 esee

122 3783 124 3788 '
163 3772 324 3827 rideantur.
368 3768 457 3846 Iidem
481 3768 511 3822 iu
530 3767 736 3838 posterioribus
763 3767 873 3820 duobus
897 3768 978 3821 libris
995 3773 1061 3821 aunt
1076 3768 1160 3840 longe

164 3872 556 3946 corruptissimihvcrbuque
580 3872 718 3928 omittunt
738 3876 767 3924 et
784 3875 976 3942 transponunt¹
989 3873 1143 3955 frequentin

162 3999 251 4052 quam
277 3977 466 4043 recentiorem
496 3975 640 4031 interdum
664 3983 760 4032 tutum
784 3973 814 4028 in
838 3975 907 4047 ipsis
932 3978 1144 4047 corruptelarum

163 4085 295 4146 monstris
320 4083 381 4144 seri
397 4085 512 4142 servunt
536 4080 673 4156 vestigia,
705 4079 914 4142 edoctioribue
937 4081 1026 4142 seculi
1052 4082 1104 4140 XV
1122 4080 1143 4136 p
