2618 4440
278 294 376 363 oe
400 290 932 389 onnonnennuse
1060 307 1128 379 un

40 532 45 543 ·
131 484 302 589 nseliarum
322 487 460 572 inerant,
482 511 608 555 cannas
626 485 718 555 illam
738 488 1053 580 disputationemque
1074 485 1137 579 iu-
1209 534 1214 541 -
1279 496 1288 504 '

22 624 26 629 ·
130 595 191 661 sit:
237 595 286 661 sie
327 596 363 660 in
394 595 518 673 Bruto,
570 618 670 684 quem
709 593 823 662 oderat
863 612 896 660 et
935 618 1034 686 quem
1074 592 1131 662 di-

131 722 232 785 gnum
251 697 449 767 contumelia
471 699 642 781 iudicabat,
662 717 802 791 utroque
823 723 942 786 genere
962 701 1130 792 pugnavit.

130 819 205 881 223.
252 804 362 894 Quam
381 802 483 870 multa
502 803 545 870 de
565 801 708 884 balneis,
738 829 818 896 qsras
837 828 942 897 nuper
966 802 1024 870 ille
1045 827 1130 873 ven-

40 912 43 917 *
132 910 278 994 diderat,
317 934 415 1001 quam
445 907 547 976 multa
577 908 618 975 de
644 910 761 978 amisso
791 912 989 1003 patrimonio
1010 909 1129 981 dixit?

78 1101 81 1106 Ι
132 1021 241 1106 Atque
268 1013 324 1081 illa
347 1015 476 1083 brevia:
509 1040 611 1107 quum
637 1013 695 1083 ille
714 1016 858 1098 diecret,
892 1041 927 1083 se
946 1019 1017 1082 sine
1038 1040 1131 1083 sama

130 1121 263 1207 sudare,
297 1125 440 1190 Minime
461 1125 609 1201 mirum,
639 1122 765 1211 inquit,
795 1124 895 1189 modo
917 1125 1012 1189 euim
1030 1123 1131 1191 exiti
1144 1174 1148 1181 .
1252 1144 1255 1151 ·

130 1229 173 1294 de
193 1228 333 1296 balneis.
378 1225 631 1292 Innumerabilia
651 1226 877 1293 huiuscemodi
895 1226 1042 1307 suerunt,
1071 1223 1131 1295 sed

126 1356 200 1411 ‚non
223 1335 329 1399 minus
350 1330 489 1400 ineunda
511 1328 573 1423 illa·
588 1350 757 1423 perpetua.
799 1331 913 1420 Quum
935 1334 1024 1397 enim
1043 1333 1132 1399 Bru·

33 1518 36 1525 ¹
131 1455 183 1503 tus
207 1435 290 1505 dnos
312 1434 451 1503 lectores
475 1439 642 1503 excitasset
661 1453 694 1502 et
717 1434 810 1502 alteri
831 1437 875 1503 de
898 1434 1028 1504 colonia
1042 1439 1132 1506 Nur-

44 1524 48 1531 *
83 1538 88 1545 ’
129 1543 268 1609 bonensi
291 1542 398 1607 Crassi
418 1541 598 1607 orationem
613 1539 782 1626 legendam
803 1542 955 1626 dedisset,
976 1539 1071 1608 alteri
1089 1539 1139 1633 de=

130 1646 204 1731 lege
223 1646 373 1728 Servilia,
396 1664 428 1714 et
443 1671 554 1738 quum,
570 1649 732 1717 contraria
751 1650 836 1716 inter
856 1674 925 1716 sese
945 1648 1043 1716 dere
1064 1672 1132 1741 pn-

130 1752 217 1820 bliea
246 1756 350 1845 capita
378 1751 592 1822 eontulissets·
618 1771 731 1823 noster
758 1753 819 1848 hie·
845 1754 1036 1823 facetissime
1064 1771 1132 1823 tres

24 1860 29 1877 '
132 1861 233 1950 patris
260 1859 352 1925 Bruti
382 1857 424 1924 de
460 1860 531 1925 iure
561 1858 651 1927 civili
684 1858 816 1929 libellos
844 1865 948 1930 trihus
973 1858 1131 1946 legendos

131 1960 232 2031 dedit.
288 1973 363 2041 224
394 1965 447 2033 Ex
467 1963 555 2035 libro
577 1969 704 2058 primo:
729 1986 855 2035 ronan
886 1986 1053 2051 eventa,
1077 1983 1130 2035 υτ

132 2091 175 2138 sn
197 2091 433 2170 tervanniae
457 2092 640 2143 mannus..
673 2072 807 2151 Brute,
839 2072 1044 2160 testificatur
1058 2096 1133 2162 pu·

131 2180 268 2209 ,........

202 2229 225 2295 5.
242 2228 304 2280 223.
320 2255 324 2266 ·
340 2230 427 2281 existi
443 2230 477 2280 de
495 2229 614 2297 balneis]
663 2229 763 2280 ”Iocus
790 2240 833 2281 est
849 2234 880 2283 in
899 2232 1017 2299 ancipiti
1037 2232 1132 2300 signii.

130 2294 266 2351 Restione
285 2296 368 2351 verbi
385 2300 485 2359 existi,
511 2298 590 2367 quod
612 2295 756 2364 signifieat
780 2307 810 2350 et
825 2299 952 2359 rendere
973 2300 1087 2355 baneas
1101 2312 1134 2357 st

94 2389 99 2395 ’
133 2383 151 2418 e
170 2365 279 2418 balneis
290 2367 382 2418 lotum
397 2366 523 2433 egredi.''
542 2367 640 2423 Peste.
1058 2420 1062 2427 ,

204 2438 294 2506 Quum
312 2437 384 2487 enim
403 2439 511 2489 Brutus
528 2438 597 2489 duos
617 2437 733 2491 lectores
751 2436 913 2505 excitasset]
949 2432 1009 2489 etr.
1025 2433 1084 2493 cie.
1102 2454 1133 2508 p.

133 2502 247 2557 Cluent.
263 2506 308 2557 51.
329 2508 379 2558 140
399 2510 510 2574 ⁸4:11.
529 2509 624 2561 Crassi
640 2510 838 2561 auctoritatem
855 2524 962 2579 sequor,
983 2509 1032 2579 qui
1049 2527 1133 2580 quun

131 2577 168 2627 1..
185 2577 335 2628 Plancium
354 2575 523 2645 defenderet,
541 2589 692 2632 accusante
712 2581 754 2632 M.
775 2583 874 2640 Bruto,
901 2597 1037 2649 -quum
1055 2581 1133 2633 Bru·

38 2638 67 2705 s
131 2653 188 2709 tus,
206 2642 312 2705 'duobus
329 2647 527 2700 recitatoribus
544 2653 716 2718 constitutis,
736 2669 771 2703 ex
789 2648 897 2705 duabus
916 2649 976 2701 eius
994 2650 1134 2703 orationi·

133 2714 184 2766 bus
208 2719 306 2785 cupita
339 2718 452 2771 alterna
484 2721 559 2771 inter
578 2738 607 2771 se
636 2722 781 2773 contraria
811 2720 960 2771 reettanda
985 2730 1113 2775 curasset
1120 2738 1132 2782 r

119 2787 206 2856 ⁵quod
226 2788 257 2837 in
282 2788 455 2839 dissuasione
484 2790 640 2860 rogationis
664 2792 741 2855 eius,
775 2808 839 2862 quas
871 2799 969 2849 eontra
996 2790 1133 2847 colonione

43 2887 46 2892 ·
101 2878 105 2885 ·
132 2856 339 2909 Narbonensem
349 2855 518 2925 serebatur,
542 2871 677 2930 quantum
692 2870 795 2930 potest,
814 2862 847 2913 de
860 2860 1032 2913 auctoritate
1049 2878 1133 2915 esna·

33 2933 38 2949 ⁸
132 2935 179 2976 tus
198 2926 343 2990 detrolsit‘,
355 2929 385 2978 in
403 2929 531 2980 suasione
543 2930 615 2998 legis
632 2931 762 2983 Seruilia
774 2930 887 2982 rurensis
904 2939 988 2981 ornat
1002 2942 1133 2985 senators

92 3010 95 3017 ’
132 2995 282 3056 laudibus}
305 3006 333 3047 et
352 2999 443 3047 multa
466 2999 496 3050 in
520 3002 627 3070 equites
646 3003 885 3071 Romanos‘quum
902 3016 937 3050 ex
954 3017 988 3050 ea
1005 3003 1133 3055 orations

10 3050 43 3077 ⁸‘
132 3069 259 3134 asperius
277 3067 355 3119 dicto
374 3069 529 3131 recitasset,
554 3087 608 3140 quo
626 3071 714 3122 animi
733 3070 844 3122 illorum
864 3068 986 3119 iudicum
1002 3069 1034 3120 irs
1050 3072 1134 3121 Cros-

99 3199 105 3205 ‚
131 3153 192 3187 sum
210 3138 438 3188 incenderentur:
465 3138 645 3208 aliquantum
672 3156 732 3193 esse
750 3146 897 3191 summotus
916 3139 1028 3191 dicitur.
1067 3143 1134 3191 Ita·

131 3206 232 3277 quein
248 3209 434 3274 respondendo
447 3208 572 3276 primun
596 3211 722 3277 esposuit
741 3210 886 3278 utriusque
905 3207 1041 3258 rotronem
1060 3218 1134 3262 iens·

54 3272 60 3285 “
127 3276 216 3344 poris,
243 3283 276 3326 ut
294 3277 385 3327 oratio
411 3294 445 3326 ex
466 3294 496 3328 re
521 3287 550 3328 et
569 3295 656 3330 eausa
681 3278 780 3331 hadita
799 3280 956 3338 uideretur,
982 3277 1078 3330 deinde
1096 3304 1133 3319 -

34 3356 37 3362 ’
131 3354 190 3395 tres
206 3353 235 3396 et
255 3346 315 3411 ipse
336 3346 472 3397 excitauit
499 3347 663 3400 recitatores
687 3366 749 3399 cum
773 3347 892 3418 singuiis
917 3345 1036 3412 libellis,
1064 3363 1133 3421 quos

131 3416 173 3469 Μ.
193 3417 309 3474 Brutus,
328 3423 413 3481 pater
431 3412 509 3467 iliius
521 3419 703 3480 accusatoris,
725 3418 760 3468 de
771 3419 832 3469 iure
850 3416 929 3468 ciuili
945 3416 997 3466 reli
1017 3417 1058 3468 uit
1076 3426 1132 3470 ste·

201 3486 234 3538 de
253 3483 360 3535 colonia
385 3484 571 3552 Narbonensi]
601 3484 659 3539 Cir.
677 3484 758 3538 Brut.
782 3487 826 3538 45.
850 3485 913 3536 160:
947 3434 1043 3538 mdis
1064 3487 1133 3539 ado·

130 3553 235 3608 lescens
251 3554 281 3605 in
305 3554 413 3605 colonia
432 3555 608 3608 Narbonensi
627 3574 722 3611 eausae
747 3557 893 3626 popularis
912 3555 1022 3625 aliquid
1040 3557 1132 3611 attin-

129 3643 211 3694 gere,
233 3643 347 3694 eamque
365 3625 516 3687 coloniam,
545 3636 577 3677 ut
589 3625 682 3696 feeit,
709 3627 769 3697 ipse
788 3629 928 3678 deducere.
972 3627 1079 3679 Exstat
1100 3626 1132 3681 in

129 3713 194 3745 earn
214 3696 301 3762 tegern
316 3696 414 3756 senior,
433 3704 465 3746 ut
484 3697 527 3749 ita
545 3697 645 3764 dicans,
663 3715 748 3768 quom
763 3697 816 3748 itta
837 3705 911 3747 setas
944 3695 1049 3760 erebat,
1067 3714 1132 3751 orna

130 3764 179 3819 tio.
214 3763 279 3814 ileo
294 3767 409 3817 colonia
427 3764 548 3819 deducta
567 3778 610 3821 est
627 3787 653 3820 a.
674 3754 707 3821 [f.
726 3767 778 3819 636
791 3766 877 3830 (118),
931 3801 938 3816 .
957 3763 1060 3819 Poseto
1078 3764 1132 3822 Cs-

130 3843 207 3891 tone,
227 3828 265 3899 Q.
283 3833 392 3886 literato
416 3835 495 3901 Rege
519 3853 590 3891 coss.
617 3838 694 3893 Veli.
712 3836 821 3889 Patere.
847 3834 870 3887 1.
892 3836 933 3889 ss.
953 3860 988 3875 -
1005 3834 1049 3890 De
1068 3838 1131 3905 legs

130 3902 252 3955 Servitia
271 3912 299 3953 et
317 3898 409 3956 Crassi
429 3909 562 3959 assasione
584 3908 649 3961 ride
673 3905 949 3960 ad105202250-
974 3905 1018 3959 Da
1044 3905 1132 3961 Bruti

128 3970 460 4046 pertentaturum
490 4006 494 4012 ·
551 3978 554 3984 ’

158 4108 162 4114 ‚
199 4041 226 4113 §-
252 4041 314 4099 2²40
350 4043 385 4101 in
408 4044 575 4101 Priuernati
597 4071 635 4089 ·-
657 4044 771 4102 Albano
789 4074 824 4089 ·-
847 4044 983 4116 Tiinsttx
1015 4008 1150 4098 aar&
