2618 4440
212 305 256 371 30
412 320 456 363 ,ω
508 272 513 283 ’
596 287 862 360 CICERONIS.

213 503 393 553 ceterarum
412 485 531 553 artium
552 487 691 579 propria
711 483 858 579 posuisti,
881 483 1033 551 scientiae
1055 500 1132 553 sant
1150 508 1214 555 eo-

213 617 306 674 rum,
335 592 393 682 qni
421 588 479 657 illa
496 590 726 683 profitenturs.
751 588 914 657 illustrare
936 606 1041 656 autem
1065 591 1217 659 oratione

212 701 239 764 si
263 699 337 789 quis
360 699 434 763 istas
459 699 542 789 ipsas
569 714 652 764 ortes
672 694 768 780 velit,
806 695 847 763 ad
870 695 1010 763 oratoris
1034 695 1064 761 ei
1093 696 1217 765 conla-

213 804 368 890 giendum,
387 819 433 869 ast
456 799 649 870 facultatem.
696 813 749 878 62.
780 804 894 893 Neque
916 802 1023 883 enim,
1046 801 1074 867 si
1094 799 1217 871 Philo-

215 934 293 978 nem
313 904 408 973 illum
430 907 652 987 architectum,
677 907 733 997 qui
758 906 1008 975 Atheniensibus
1030 930 1218 975 armamen-

214 1017 332 1085 tarium
354 1012 438 1095 iecit,
458 1029 581 1079 constat
600 1012 780 1104 perdiserte
798 1011 924 1105 populo
945 1012 1106 1079 rationem
1126 1036 1215 1106 ope-

213 1123 261 1189 ris
283 1120 333 1189 sui
357 1118 548 1201 reddidisse,
568 1116 813 1185 existimandum
835 1136 893 1202 est,
915 1117 1081 1185 architecti
1100 1120 1213 1211 potius
1297 1150 1302 1159 ·

213 1227 351 1293 artificio
375 1224 531 1290 disertum
552 1248 648 1315 quam
668 1225 807 1292 oratoris
826 1224 935 1291 luisse.
980 1227 1061 1304 Nec,
1083 1224 1110 1289 si
1133 1221 1215 1291 huic

96 1392 110 1405 .
212 1333 261 1399 M.
278 1333 423 1403 Antonio
441 1355 506 1422 pro
523 1329 732 1397 Hermodoro
747 1329 858 1396 fuisset
875 1324 1096 1397 denavalium
1110 1352 1216 1421 opere
1304 1342 1307 1349 '

212 1437 397 1520 dicendam,
419 1461 497 1517 non,
525 1460 625 1529 quum
646 1436 688 1501 ab
709 1433 770 1502 itio
791 1416 917 1502 eausam
941 1432 1118 1517 didicisset,
1140 1433 1216 1529 ipse

212 1562 326 1612 ornate
343 1543 389 1610 de
408 1541 515 1609 alieno
532 1540 671 1609 artificio
692 1541 890 1633 copioseque
905 1539 1052 1607 dixisset.
1073 1546 1075 1552 ’
1095 1544 1214 1632 Neque

211 1674 292 1719 vero
316 1647 525 1740 Asclepiades
546 1648 593 1729 is,
621 1670 687 1737 qno
720 1670 781 1713 nos
812 1645 940 1714 medico
967 1647 1139 1738 amicoque
1160 1648 1213 1715 usi

214 1778 334 1836 sumus,
361 1771 441 1836 tum,
463 1776 564 1844 quum
582 1748 769 1844 eloquentia
791 1750 940 1819 vincebat
959 1769 1083 1819 ceteros
1104 1750 1215 1821 uredi-¹

213 1870 352 1890 ψ

137 1960 140 1965 -
214 1943 263 1978 rus
283 1940 432 1994 perperam
450 1918 652 1997 iriterpretatas
681 1933 740 1976 est:
760 1921 889 1994 fortasse
908 1923 958 1977 hoe
980 1924 1115 1996 imprimis
1133 1922 1214 1979 vohis

213 2013 275 2047 sum
297 1994 485 2065 probaturus,
511 2010 600 2062 quum
626 1994 793 2063 explicanda
820 1998 894 2046 sint:
921 1994 1049 2064 fortasse
1066 1996 1116 2047 nos
1132 1995 1212 2048 uobis

213 2067 306 2123 otium
324 2082 347 2116 s.
367 2067 414 2117 vis
431 2083 490 2116 surn
504 2063 687 2134 probaturus.
712 2062 770 2120 Cir.
788 2063 915 2131 Madvig.
931 2064 1089 2118 Emendatt.
1107 2082 1137 2134 p.
1160 2066 1213 2119 18⁰
1259 2084 1262 2089 '

119 2158 127 2166 ·
213 2147 244 2190 et
260 2133 291 2187 C.
313 2132 446 2187 Beieruru
472 2138 502 2186 iu
522 2150 635 2190 escars.
651 2134 689 2186 11.
709 2133 742 2185 ad
761 2131 820 2187 Cio.
843 2131 904 2200 Lari.
927 2133 962 2186 de
974 2135 1109 2206 formulis
1127 2134 1213 2187 dubi·
1241 2170 1245 2175 -

214 2213 312 2259 tenter
327 2204 489 2256 decermndi
505 2204 602 2272 prio,
619 2208 650 2256 in
667 2219 726 2271 quo
739 2219 863 2255 excursu
880 2218 922 2265 ea,
940 2221 1001 2272 quta
1013 2220 1107 2272 nuper
1119 2206 1212 2260 inulta

213 2274 344 2331 smaltis
374 2274 409 2327 de
430 2274 517 2327 huius
542 2273 671 2325 ihrrnuiaa
692 2277 721 2326 ri
750 2283 778 2325 et
796 2290 850 2325 usu
868 2278 971 2343 scripta
990 2285 1075 2337 sunt,
1098 2280 1212 2327 exauri-

107 2389 109 2394 .
212 2354 317 2398 natatur
335 2353 364 2394 et
382 2360 443 2411 qnae
473 2341 509 2394 ab
526 2344 589 2412 ipso
610 2341 715 2395 Beiero
740 2346 821 2397 antea
839 2341 935 2410 (impr.
965 2346 995 2396 iu
1023 2358 1137 2409 excors.
1154 2343 1213 2427 Xl.

212 2415 247 2469 ed
264 2416 288 2466 Ι.
307 2408 375 2478 Oti.)
395 2416 488 2465 minus
507 2424 584 2466 reete
604 2411 752 2466 observata
771 2423 860 2475 erant,
881 2417 1076 2480 corriguntur.

284 2482 304 2551 i.
322 2483 365 2539 62.
413 2485 437 2535 si
462 2483 621 2548 Philonem]
668 2481 722 2534 Hic
748 2480 834 2533 Philo
859 2480 1086 2537 Atheniensibus
1113 2501 1210 2539 arme-

209 2557 380 2607 monterium
404 2549 599 2619 (assumsisse,
624 2544 794 2669 ieiodimss)
814 2548 919 2603 fecerat
937 2557 967 2604 in
986 2550 1111 2617 Piraeo,
1130 2554 1210 2622 quod

211 2634 309 2692 postes
328 2618 409 2673 Sulla
428 2620 558 2672 incendit
579 2619 665 2684 (Plio.
690 2618 724 2671 H.
778 2616 868 2673 ‚vti
887 2621 938 2683 58,
962 2620 1108 2676 Plutarch.
1123 2622 1208 2679 Sulis

211 2709 237 2747 e.
263 2693 303 2751 14,
321 2688 444 2757 Appiae.
463 2686 496 2743 B.
516 2686 615 2741 lllithr.
634 2688 691 2757 41).
727 2688 821 2741 Vale'r.
840 2688 919 2743 Mart.
937 2691 1015 2744 Vlll.
1041 2710 1082 2745 ια.
1100 2704 1160 2749 ext.
1183 2710 1211 2747 a.

175 2804 181 2817 .
213 2760 380 2813 Glorrdntur
405 2758 527 2812 Athenae
545 2760 764 2811 armamentorio
791 2777 856 2822 suo,
881 2777 931 2812 nec
958 2762 1016 2813 sins
1034 2770 1139 2815 eausa:
1157 2770 1210 2816 'est

214 2830 285 2885 enirn
302 2827 376 2879 iilud
392 2845 461 2896 opus
483 2837 513 2880 et
530 2827 655 2898 impenso
672 2838 701 2880 et
719 2829 863 2899 elegantia
881 2832 1039 2883 uisendum:
1063 2834 1143 2886 euiiss
1159 2850 1210 2885 ar·
1284 2854 1291 2860 ·

214 2901 361 2952 editectnm
379 2898 523 2949 Philonem
542 2900 586 2949 ito
598 2897 726 2968 facunde
743 2900 879 2950 rationem
896 2902 1082 2955 institutionis
1100 2920 1160 2955 suoe
1178 2903 1210 2957 in
1259 2902 1262 2907 ’

213 2971 327 3024 tlteotro
340 2968 491 3021 reddidisse
508 2977 628 3030 constat,
647 2977 680 3018 ut
698 2969 897 3021 disertissimus
910 2971 1030 3041 populus
1046 2991 1100 3026 non
1119 2968 1210 3024 mirio-

213 3058 270 3094 rem
296 3034 406 3089 laudem
432 3036 597 3109 eloquentior
621 3038 681 3090 eius
706 3056 788 3109 quam
812 3042 872 3090 arti
896 3038 1035 3093 tribuerit.
1087 3040 1210 3110 Scripsit

212 3114 298 3162 ettam
316 3106 351 3160 de
369 3106 470 3159 edium
489 3123 630 3159 sacrarum
648 3111 819 3177 symmetriis
839 3121 867 3161 et
885 3109 919 3162 de
936 3116 1149 3164 armamentario
1169 3112 1210 3163 ilr

211 3181 249 3243 lo,
268 3190 340 3232 teste
361 3175 477 3233 Vitruv.
492 3176 557 3231 vtt.
579 3174 660 3230 Praei.
680 3174 702 3246 i.
722 3186 762 3231 1'2.
798 3176 872 3231 Vide
891 3178 985 3248 Siliig.
1002 3183 1211 3249 catalog.·arti·

210 3248 298 3309 iteum
317 3265 344 3317 p.
362 3248 423 3304 251.
441 3275 474 3289 -
489 3248 691 3316 Hermodorus,
709 3248 854 3302 navalium
874 3251 1066 3315 architectus,
1091 3250 1210 3303 ridetur

212 3336 273 3372 esse
294 3314 521 3384 H.Salantinius,
535 3321 590 3386 qui
608 3316 703 3373 Roma
721 3317 750 3372 iu
768 3323 845 3372 circo
861 3321 1018 3374 Flaminino
1037 3322 1122 3374 aedem
1131 3319 1209 3379 Mar·

211 3392 248 3440 tie
274 3387 409 3440 eorrdidit.
437 3384 520 3440 Corn.
550 3388 622 3458 Nep.
647 3407 691 3457 ap.
712 3389 850 3444 Priscian.
875 3389 955 3445 viti.
974 3409 1002 3460 p.
1020 3411 1070 3462 792
1088 3387 1208 3444 Putsclri

214 3455 292 3521 (Vol.
312 3457 334 3509 t.
352 3473 381 3522 p.
400 3456 454 3525 ⁵7⁰
470 3454 595 3525 Kasia).
614 3457 690 3512 Vide
709 3456 803 3527 Sillig.
821 3461 841 3517 i.
858 3477 883 3517 e.
902 3478 929 3530 p.
948 3458 1211 3530 aspa-Desinis„-

211 3526 310 3597 pr'ods‚
341 3523 464 3589 Prusae,
484 3524 628 3594 Bithynia
647 3527 735 3589 urbe.
763 3540 845 3594 nato,
867 3529 999 3587 Ptoou.
1017 3529 1053 3581 N.
1073 3527 1139 3579 vti.
1156 3528 1238 3593 izi:

213 3599 326 3648 Surnma
345 3597 561 3665 autemilatntt)
580 3597 743 3665 Asclepiadi
760 3603 920 3662 Prusiensi,
946 3598 1060 3651 condita
1077 3613 1148 3649 noua
1165 3614 1211 3649 se.-
1263 3630 1281 3651 ·.

213 3673 279 3725 cta,
307 3666 407 3733 spretis
420 3663 524 3736 legatis
540 3675 578 3717 et·
586 3664 837 3735 pollicitationibus
853 3667 1033 3720 Mithridatis
1050 3665 1138 3735 regis,
1166 3684 1210 3718 re-

212 3742 295 3806 perta
313 3733 435 3798 ratione,
469 3737 640 3807 quarinum
663 3737 750 3805 agris
768 3739 936 3800 mederetur,
962 3734 1052 3787 relato
1078 3755 1093 3789 e
1101 3735 1209 3807 funere

212 3803 320 3856 homine
338 3811 366 3855 et
384 3816 510 3857 servato:
535 3810 584 3858 sed
604 3806 722 3859 maxime
742 3807 883 3876 sponsione
896 3805 984 3874 facta
1002 3822 1062 3857 eum
1075 3807 1208 3876 fortuna,

213 3893 247 3931 ne
265 3873 385 3926 medicus
404 3876 567 3940 crederetur,
584 3877 610 3928 si
627 3893 756 3948 umquam
774 3876 916 3927 invalidus
934 3875 993 3928 ullo
1009 3878 1086 3930 modo
1099 3873 1208 3948 suisset

210 3945 284 4019 ipse3
313 3952 341 3995 et
361 3943 457 4004 victor,
476 3963 604 4014 supremo
623 3947 654 4000 in
673 3955 785 4000 senecta
804 3946 885 4016 lapsu
903 3945 1044 4011 scolarum
1061 3949 1207 4003 exanima-
1280 3984 1284 3991 -

211 4024 259 4077 tut
273 4023 348 4085 est.
366 4009 425 4075 Cir.
442 4010 515 4072 Cels.
535 4019 686 4087 sepissime
704 4027 734 4073 et
750 4015 839 4090 aput.
855 4016 961 4075 Florid.
982 4016 1068 4076 XIX.
