2618 4440
41 282 180 389 ss
272 382 274 389 ,
367 270 371 279 ’
516 252 798 377 cumom-
890 316 894 321 ·
1024 366 1031 379 s
1120 332 1124 345 ,

157 497 242 567 flexu
257 498 477 571 constitisset.
541 511 573 581 2.
587 510 590 517 '
605 502 712 589 Quam
742 523 833 593 spem
863 501 1093 586 cogitationum
1117 520 1150 571 et

158 603 373 691 consiliorum
397 628 546 687 meorum
568 616 800 697 quum-graves
821 609 1041 674 communium
1060 627 1148 677 tem·-

79 715 83 729 '
155 728 292 803 porum·
311 728 381 778 tum
398 711 479 778 varii
499 712 607 778 nostri
623 736 711 777 casus
731 701 928 779 iefcllerunt.
954 736 957 741 ·
981 719 1064 783 Nam
1088 717 1147 806 qui

155 814 250 886 locus
274 818 392 911 qnietis
415 834 447 883 et
468 815 708 908 tranquillitatis
731 814 935 909 plenissimus
957 817 1027 887 sore
1050 821 1148 887 vide-

155 923 268 1006 batur,
296 925 331 987 in
358 947 397 990 co
419 924 574 990 maximae
596 921 699 991 moles
729 921 947 1001 molestiarum
974 944 1005 991 et
1026 930 1146 995 turbu-

154 1015 349 1096 lentissimae
369 1046 573 1122 tempestates
593 1030 791 1096 exstiterunt.
838 1033 953 1120 Neque
980 1053 1059 1097 vero
1080 1058 1151 1100 no·-

154 1132 206 1198 bis
230 1135 431 1226 cupientibus
458 1153 552 1227 utque
574 1135 798 1227 exoptantibus
821 1133 944 1202 fructus
974 1137 1033 1204 otii
1054 1137 1146 1206 datus

156 1257 203 1305 est
225 1239 335 1305 adeas
357 1261 451 1326 artes,
474 1242 590 1334 quibu's
612 1243 755 1339 spuet-is
777 1240 878 1307 dediti
900 1241 1028 1325 suimus,
1054 1242 1144 1311 cele·
1203 1254 1212 1267 ”

153 1345 292 1413 brandus
316 1349 401 1412 inter
421 1365 550 1440 nosque
564 1345 763 1425 recolendas.
806 1361 839 1423 3.
859 1351 941 1416 Nam
960 1351 1066 1440 prima
1088 1376 1147 1418 ae-

154 1469 217 1519 tate
250 1453 422 1520 incidimus
452 1455 487 1519 iu
522 1455 625 1547 ipsam
656 1454 939 1546 perturbationem?
954 1454 1147 1549 disciplinae
1187 1502 1193 1509 -

153 1561 290 1645 veteris3
329 1576 360 1626 et
389 1556 556 1627 consulatu
587 1557 773 1625 devenimus
805 1561 840 1625 in
864 1560 1007 1627 medium
1034 1587 1146 1632 rerum

154 1666 303 1732 omnium
329 1670 491 1730 certamen
521 1681 615 1754 atque
643 1662 837 1747 discrimem
874 1684 905 1731 et
931 1667 995 1734 hoc
1016 1686 1144 1762 tempus

154 1793 252 1837 omne
278 1785 352 1862 post
382 1765 581 1834 consulatum
610 1768 788 1835 obiecimus
810 1771 848 1836 iis
876 1770 1045 1858 fluetibus,
1074 1777 1149 1867 qui‚'

152 1900 214 1969 per
235 1899 296 1942 nos
325 1900 343 1939 a
373 1864 538 1942 communi
561 1892 651 1967 peste
675 1871 818 1966 depulsi,
851 1880 884 1943 in
905 1880 1143 1972 nosmetipsos

152 1980 387 2049 redundarunt.
432 1978 498 2049 Sed
518 1998 624 2046 tamen
644 1981 679 2047 in
700 1979 753 2046 bis
776 1981 828 2048 vel
847 1984 1069 2075 asperitatibus
1086 2008 1144 2051 rc-

149 2112 228 2156 rum
249 2085 303 2154 vel
324 2087 474 2172 angustiis
499 2088 659 2178 ¹temporis
687 2086 847 2179 obsequar
876 2089 989 2171 studiis
1013 2090 1145 2177 nostris,

152 2211 186 2261 et
211 2210 366 2288 quantum
394 2190 476 2258 mibi
513 2189 565 2258 vel
597 2190 683 2258 fraus
715 2192 922 2264 inimicorum
951 2203 1004 2266 vel
1033 2182 1145 2264 causae

151 2302 329 2366 amicorum
348 2295 401 2365 vel
421 2295 623 2393 respublica
641 2298 759 2364 tribuet
780 2300 850 2384 otii,
875 2299 917 2367 ud
936 2302 1145 2371 scribendum

150 2394 354 2506 potissimum
371 2402 545 2474 conseram.
602 2401 644 2479 4.
663 2402 742 2473 Tibi
764 2428 864 2492 vero,
886 2405 1002 2491 frater,
1035 2432 1144 2501 neque

149 2553 287 2572 m

219 2625 242 2697 §-
260 2643 286 2680 α.
319 2625 402 2680 moles
420 2620 620 2689 molestiarum]
639 2620 723 2676 moles
743 2625 879 2676 omittunt
896 2618 986 2678 Horu.
1005 2622 1043 2693 Is,
1060 2624 1144 2681 codd.

151 2697 270 2751 Gruteri
288 2700 400 2764 (praeter
417 2694 478 2748 Pal.
496 2704 568 2759 seru,
581 2704 659 2762 sept.
678 2705 706 2745 et
724 2695 813 2761 nom),
837 2690 870 2757 U,
889 2688 985 2750 Guelf.
1003 2694 1040 2765 A,
1052 2694 1091 2761 -B,
1111 2694 1143 2761 G,

149 2766 210 2821 Erl.
229 2779 331 2834 uterq„
349 2763 418 2832 Eri,
437 2763 618 2829 Atd.,1uus.,
635 2760 717 2830 Creu,
736 2762 825 2830 Mun..
842 2760 940 2832 Steph.
1007 2775 1018 2792 ³
1161 2804 1166 2810 .
1202 2770 1206 2777 ’

222 2835 245 2903 i.
262 2837 288 2889 5.
316 2837 394 2887 Nam
404 2835 499 2903 prima
517 2842 606 2886 aetate
624 2833 689 2898 ete]
713 2833 808 2887 Prima
824 2830 970 2886 Ciceronis
988 2842 1051 2888 setus
1069 2835 1146 2901 inci·¹

149 2907 192 2961 dis
208 2911 242 2962 iu
262 2905 389 2960 Mariana
413 2914 442 2955 et
466 2900 583 2956 Sullane
607 2908 777 2966 eertumiuas
809 2905 989 2957 consulatum
1006 2908 1098 2972 gessit
1112 2920 1138 2954 a.

148 2977 185 3032 U.
203 2976 250 3046 691
272 2979 309 3041 (a.
330 2971 394 3027 Chr.
407 2972 474 3036 65),
492 2988 550 3040 quo
568 2977 599 3027 iu
616 2977 783 3040 magistratu
800 2989 897 3040 quum,
922 2983 1037 3026 auctore
1056 2980 1141 3027 seua-

148 3058 197 3108 m,
223 3047 429 3099 coniurationis
446 3041 615 3095 Catilinariae
632 3047 776 3111 principes
793 3041 898 3095 indicta
916 3059 999 3096 causa
1016 3039 1142 3097 interfici

148 3120 293 3179 iussisset,
325 3113 495 3170 uouuullsm
520 3116 578 3167 iam
595 3116 688 3165 statim
712 3111 769 3167 sibi
794 3124 974 3165 contraxerat
994 3112 1142 3176 insidiam,
1192 3126 1195 3132 ¹

148 3203 209 3255 qssae
226 3188 375 3256 ,proximis
400 3188 482 3237 suuis
506 3199 557 3251 per
577 3179 709 3243 iuimicus
732 3192 836 3246 sueta‚'
851 3182 968 3237 undem
983 3186 1089 3241 ¹uirum
1106 3179 1143 3231 de

145 3261 236 3323 putria
254 3259 360 3324 orsitus
378 3257 511 3309 meritum
530 3256 680 3322 oppressit.
715 3249 834 3318 Clodius
851 3257 927 3306 euim
945 3257 979 3305 iu
993 3249 1147 3311 tribunatu

147 3343 171 3378 a.
192 3324 225 3382 U.
241 3326 292 3398 696
313 3318 487 3393 (de'legem
505 3324 589 3377 tulit:
620 3325 669 3395 qui
684 3323 771 3377 civem
788 3326 869 3381 Rem.
887 3324 1076 3376 indemnatum
1095 3321 1142 3372 iu-

146 3397 308 3461 terems‘seet‚
328 3396 354 3447 es'
371 3412 448 3469 aqua
466 3403 493 3447 et
511 3394 572 3466 igni
588 3394 820 3447 interdiceretur:
847 3392 954 3470 quibus
971 3389 1068 3444 verbis
1087 3392 1144 3439 etsi
1199 3452 1204 3463 Ι

147 3477 207 3521 tutu
224 3463 423 3519 nominabatur
447 3461 563 3530 Cicero,
589 3475 683 3516 turueu
709 3466 788 3519 solus
817 3463 968 3532 petebatur
997 3455 1142 3523 (Velleius
1215 3522 1219 3531 Ι

147 3532 256 3587 Patere.
276 3533 313 3584 11.
331 3533 396 3602 45.).
432 3534 533 3601 Itaque
551 3548 640 3600 quum
658 3533 725 3586 Piso
738 3545 772 3589 et
790 3530 931 3587 Gabinius
949 3526 1027 3580 Coss.
1045 3523 1153 3587 tribu-¹

147 3618 218 3653 uuus
237 3605 403 3663 incitarent,
428 3601 582 3671 Pompeius
601 3612 633 3652 et
648 3599 753 3666 Caesar,
779 3619 904 3669 quorum
922 3594 1050 3649 consitiis
1069 3597 1147 3647 resi-

147 3669 241 3724 stebat
259 3668 368 3733 Cicero,
385 3669 526 3733 Clodium,
544 3675 569 3722 si
589 3687 645 3720 nou
664 3672 841 3732 adiuvarent,
859 3680 954 3721 tamen
975 3665 1141 3732 nonimpu·

78 3762 85 3769 ·
148 3740 259 3793 direnti
292 3741 371 3792 ultro
394 3743 426 3791 iu
450 3743 587 3793 exsilium
604 3737 691 3800 abitu
723 3739 772 3791 sed
790 3748 855 3808 post
881 3734 1003 3788 sedecim
1020 3749 1149 3801 menses,¹

146 3814 271 3863 maxime
296 3804 516 3876 suffragantibus
537 3810 571 3863 Τ.
597 3806 696 3862 Annio
711 3806 821 3861 Milone
841 3818 869 3859 et
892 3804 924 3859 P.
943 3800 1035 3857 Sestio
1054 3800 1140 3861 tribb.

146 3881 198 3949 pL,
220 3895 331 3934 surmuo
350 3895 415 3930 cum
432 3878 540 3932 honore
566 3883 597 3932 in
615 3884 733 3949 patrium
751 3881 900 3937 restitutus
914 3883 988 3948 est.¹
1010 3873 1069 3927 Hos
1086 3891 1142 3927 su-

145 3963 205 4003 tem
231 3949 267 4005 sie
291 3959 405 4004 oratore
429 3946 519 4004 libros
537 3966 596 4004 uon
614 3952 706 4008 multo
732 3958 797 4020 post
814 3947 940 4003 reditum
963 3946 1001 4013 (u.
1020 3944 1055 4002 tt.
1075 3944 1141 4015 699)

139 4023 321 4091 conseripsit,
1145 4032 1148 4037 ’
