2618 4440
116 273 192 377 ,aaa
270 308 274 316 ·
388 298 428 383 ς
470 268 745 369 mannans:

965 388 979 415 1

56 464 59 468 ’
126 460 246 544 dicere,
275 460 332 554 qui
356 460 539 548 iungendo
563 482 718 535 contuens
736 444 860 561 aliquid
884 454 1153 562 pronuntiaret.'

124 582 214 664 222..
245 566 358 665 Quare
390 566 560 637 oculorum
589 590 637 639 est
665 597 778 661 magna
801 573 995 646 moderatio.
1043 581 1136 647 Nam

105 677 193 743 oris
222 700 291 743 non
321 693 368 741 est
396 678 535 767 nimiam
563 678 715 751 mutanda
743 680 884 772 speeies,
922 705 966 747 ne
995 697 1057 750 eut
1088 683 1134 752 ad

124 783 262 874 ineptias
284 782 398 855 autad
419 783 767 877 pravitatemaliquam
786 784 980 877 deserantur.
1025 789 1132 858 Oculi

122 907 216 963 sunt,
263 913 404 979 quorum
436 905 505 955 tum
538 891 717 977 intentione
750 910 819 959 tum
840 894 1033 959 remissione
1056 898 1132 966 tum

55 1002 62 1015 ⁸
123 996 271 1061 coniectu
298 981 675 1064 tum'ltilaritate'motus
698 998 1131 1081 animorumsignificemus
1172 1060 1178 1069 ,

121 1119 196 1193 apte
215 1125 289 1167 eum
304 1093 421 1185 genere
443 1101 516 1192 ipso
532 1103 699 1169 orationis.
740 1106 800 1170 Est
819 1104 907 1168 enim
921 1104 1007 1170 aetio
1031 1108 1130 1197 quasi

43 1271 46 1277 .
119 1221 228 1285 sermo
258 1208 437 1298 corporisr
473 1222 547 1298 quo>
572 1211 672 1294 magis
702 1210 813 1275 menti*
839 1222 1030 1294 congruens
1051 1236 1130 1279 esse

96 1375 100 1384 .
121 1311 229 1380 debet.
277 1310 399 1381 Oculos
422 1331 529 1382 autem
547 1332 662 1381 natura
681 1315 788 1395 nohis,-
809 1310 845 1380 ut
868 1322 955 1405 equo
974 1333 1006 1380 et
1020 1313 1130 1385 leoni

120 1414 225 1501 iubam
248 1419 393 1502 caudam,
423 1443 534 1504 aures,
559 1419 603 1486 ad¹
621 1439 729 1493 motus
744 1421 929 1488 animorum
948 1418 1131 1512 deelaran·

119 1523 181 1592 dos
204 1525 320 1593 dedit·
348 1537 423 1601 223.
452 1525 564 1614 Quare
581 1527 616 1592 in
640 1525 701 1591 hae
721 1545 832 1594 nostra
851 1528 977 1594 actione
999 1552 1130 1597 secun-

40 1657 43 1673 ’
118 1631 198 1704 dum
223 1657 345 1701 vocem.
362 1629 470 1700 vultus
493 1629 597 1713 valet3
645 1632 673 1698 is
695 1652 804 1700 uatem
828 1625 933 1723 oeulis
955 1630 1130 1718 guberna-

118 1753 184 1807 tur.
231 1742 341 1829 Atque
362 1739 399 1803 in
418 1738 458 1803 iis
471 1726 640 1823 omnibus,
662 1749 836 1830 quaesunt
856 1738 1000 1821 aetionis,
1036 1742 1128 1810 inest

40 1928 42 1931 .
118 1842 276 1936 quaedam
297 1844 345 1907 vis
366 1867 385 1906 a
405 1859 518 1908 natura
539 1842 621 1910 data.
678 1843 790 1932 Quare
809 1845 905 1909 etiam
925 1842 987 1909 hac
1009 1845 1127 1938 impe-

116 1953 184 2034 riti,
215 1948 276 2014 hae
300 1943 423 2033 vulgus,
462 1945 523 2025 heo
545 1946 686 2040 denique
709 1950 838 2019 barbari
862 1951 1001 2023 maxime
1020 1975 1125 2020 eom-

115 2075 299 2125 moventur.
357 2053 467 2150 Verba
489 2055 577 2120 enim
600 2056 919 2148 neminem‘moveat
941 2057 1005 2120 nisi
1031 2083 1122 2142 eum,

115 2165 172 2256 qui
191 2161 335 2229 eiusdem
355 2158 487 2245 linguae)
502 2161 657 2226 societate
677 2163 868 2257 coniunctus
892 2179 955 2242 est,
981 2182 1121 2229 senten-

114 2273 241 2360 tiaeque
262 2291 356 2359 saepe
384 2283 492 2333 aoutae
521 2290 590 2332 non
609 2284 777 2333 acutorum
800 2266 972 2342 hominum
1004 2293 1121 2336 sensus

15 2451 19 2459 ¹
94 2371 376 2472 ,praetervolant3
395 2373 490 2450 aetio,
512 2394 695 2463 quaeprae
715 2396 749 2437 se
771 2390 895 2438 motum
919 2373 1021 2437 animi
1041 2374 1120 2454 fert,

28 2496 31 2501 ’
111 2482 224 2553 omnes
245 2497 373 2562 movet3
418 2476 533 2561 iisdem
555 2479 641 2545 enim
671 2479 817 2545 omnium
844 2479 944 2543 animi
970 2480 1121 2548 motibus

110 2591 323 2663 concitantur,
347 2601 377 2648 et
399 2607 453 2650 eos
477 2580 594 2647 iisdem
617 2584 702 2650 notis
726 2587 814 2650 etin
839 2582 908 2650 aliis
930 2603 1117 2670 agnoscunt

112 2715 144 2762 et
166 2697 201 2758 in
221 2715 257 2755 se
278 2685 342 2780 ipsi·
361 2690 517 2755 indicant.
848 2703 851 2708 '

116 2800 121 2807 ’
199 2795 272 2862 LX.
295 2804 369 2869 224.
415 2792 469 2860 Ad
500 2796 634 2864 actionis
663 2816 768 2898 autem
793 2821 885 2878 usum
909 2817 1005 2891 atque
1035 2798 1117 2869 lau-

69 2957 72 2964 .
110 2903 187 2995 ale'm
208 2902 376 2967 maximam
405 2902 474 2966 sine
498 2900 597 2969 dnbio
618 2923 829 2995 partemsvox
851 2905 995 2988 obtinet3
1029 2931 1116 2998 quae
1146 2986 1148 2989 Ι

61 3070 76 3093 ,,
107 3007 320 3104 Ριάιηιιηηεῑ
344 3006 484 3099 optanda
503 3009 618 3089 nobis,
640 3010 769 3096 deinde,
800 3012 1011 3104 quaecunque
1035 3017 1115 3096 erit,

109 3136 246 3150 μ

94 3191 153 3243 ’15.”
170 3191 214 3245 55.
232 3216 266 3229 -
294 3188 458 3241 Tauriscum
483 3184 656 3242 Schuetnius
675 3200 756 3258 putat
779 3189 869 3242 fuisse
893 3193 1116 3256 grammaticum

108 3262 200 3322 illum,
220 3257 338 3310 Cratetis
358 3257 527 3321 auditorem,
553 3264 635 3311 ouius
655 3264 830 3312 mentionem
848 3259 934 3312 faeiat
945 3258 1030 3312 Sext.
1041 3259 1116 3314 Em-

54 3352 57 3359 ’
109 3327 492 3400 piriousadv.Mathe1n.l.
514 3329 564 3380 248
583 3345 611 3396 p.
630 3330 681 3382 268
698 3328 780 3382 Febr.
944 3386 947 3393 ,
1124 3330 1130 3343 “

184 3401 288 3466 §.nam
328 3398 466 3449 oculorum
484 3406 526 3448 est
544 3416 649 3468 magna
668 3401 829 3467 moderatio]
867 3395 1006 3452 Geminus
1027 3404 1114 3456 loous

109 3482 153 3522 est
175 3467 254 3523 Orat.
282 3469 323 3525 18.
342 3467 392 3519 60:
420 3469 569 3520 Oculorum
592 3477 635 3520 ast
661 3487 765 3540 magua
791 3472 919 3543 quaedam
944 3473 1113 3528 moderatio.

108 3543 182 3592 Nora
202 3549 232 3589 ut
254 3540 348 3608 imago
367 3547 408 3588 ast
427 3538 924 3609 antrntouttus,sic1r'mticesocuti5
943 3558 1063 3612 quorum
1082 3553 1112 3596 ot

107 3609 267 3660 hilaritatis
292 3619 319 3659 et
346 3608 465 3660 uicissim
490 3608 621 3661 tristitiae
646 3612 753 3662 modum
774 3631 818 3664 res
837 3613 923 3680 ipsae,
957 3614 1115 3685 dequibus

108 3689 219 3749 agetur,
240 3677 442 3747 temperabunt.
975 3722 980 3727 .

114 3784 117 3793 .
179 3749 251 3799 leoni
275 3749 369 3814 iubas]
416 3746 465 3800 Sio
490 3762 618 3818 excerpt.
641 3746 667 3813 ὃ,
696 3749 759 3803 ootl.
787 3748 858 3814 Reg.
888 3749 967 3816 7705,
995 3747 1112 3820 steph„

106 3816 214 3885 lamb„
236 3815 311 3881 soh„
330 3816 462 3882 Mueller,
482 3814 534 3870 Or.
552 3847 588 3860 -
608 3820 680 3872 leoni
696 3828 773 3871 setas
792 3821 880 3886 vulgo
900 3819 986 3871 codd.
1005 3824 1112 3886 (etiem
1183 3848 1187 3864 ·

107 3886 201 3944 Havn.
218 3890 330 3954 uterq.)-
343 3899 372 3939 et
394 3888 457 3940 etltl.
479 3889 548 3940 iude
566 3887 601 3943 ab
621 3894 770 3957 antiquiss.
803 3904 805 3908 ·

175 3959 198 4026 ᾗ.
218 3957 278 4008 223.
315 3957 344 4008 iu
366 3978 394 4010 se
413 3959 467 4028 ipsi
484 3958 623 4028 indicant]
649 3965 686 4012 Ira
703 3978 732 4012 se
757 3959 825 4027 ipsis
843 3956 971 4014 iudicarat
992 3980 1010 4018 e
1029 3969 1110 4021 coni.

107 4027 150 4099 od.
175 4026 251 4097 Sola..
268 4026 357 4092 Harl„
376 4025 510 4085 Mueller.
528 4057 564 4074 -·
582 4031 612 4087 iu
630 4030 786 4102 semetipsi
804 4031 861 4084 r'rul.
880 4026 940 4084 Erl.
959 4080 962 4087 .
