2618 4440
156 307 220 378 ιιι
533 298 768 407 ercuaouts

154 497 268 567 monio
286 492 560 564 ‹licendo-omnia
577 491 712 561 camilia
734 489 915 563 consulatue
934 492 1011 582 mei,
1032 490 1153 589 qu'ib'ut

150 601 214 671 illi
227 603 360 670 tribuno
380 598 487 692 plebia
505 623 570 694 pro
596 606 639 670 re'
658 598 790 693 publica·
810 594 1026 687 restitissem
1033 614 1153 696 ·qme'-

155 733 220 802 que
240 710 280 775 ab
304 731 344 773 co
367 724 480 774 contra
498 730 570 776 rem
590 706 755 799 publicam
778 705 872 773 sacta
881 709 1078 805 arbitrarer,
1089 732 1153 776 er
1177 800 1180 805 .

153 817 261 908 poaui.
314 813 382 880 Diu
403 829 547 879 retentus
567 836 657 894 aum,
685 809 790 878 inulta
812 806 935 898 audivi,
968 798 1070 880 urultc
1091 840 1151 882 re·

152 919 285 1015 spondi.
350 918 475 985 Num'
465 919 564 1003 igitur
591 914 716 1010 placet,
759 942 860 1009 quum
892 916 934 985 tle
954 912 1152 1013 eloquentia

152 1027 345 1149 praecipiat,
366 1021 491 1129 aliquid
507 1024 604 1090 etiam
625 1022 666 1090 de
680 1025 873 1093 testimoniit
889 1024 1037 1093 dicendis
1058 1028 1151 1175 quusi

34 1180 40 1199 .
152 1135 190 1199 in
212 1150 279 1198 arte
303 1128 456 1196 tradere?

243 1232 338 1313 Nilril
358 1258 443 1314 sane,
467 1234 575 1325 inquit
596 1231 739 1315 Catulus,
759 1258 889 1304 necesse
911 1254 970 1307 eat.

241 1339 581 1429 X11.49.Quid?
554 1364 593 1424 ar,
611 1339 702 1432 quod
724 1363 819 1434 saepe
839 1328 974 1410 nummii
986 1342 1072 1412 viris
1092 1368 1152 1413 ac·

150 1448 241 1534 cidit,
268 1446 417 1515 mandata
439 1447 503 1512 aint
525 1445 747 1543 exponenda,
756 1448 866 1514 autin
887 1436 1151 1520 aemtualrimss·

150 1564 320 1652 peratore‚
351 1570 404 1618 aut
425 1551 715 1655 ad1mperatorcu1
745 1570 799 1619 eut
831 1552 872 1620 ad
897 1578 1009 1641 regem
1029 1574 1085 1625 aut
1107 1542 1151 1628 al

100 1712 104 1731 .
124 1718 128 1727 .
149 1664 311 1760 populum
326 1654 467 1750 aliquem
486 1682 507 1722 a
526 1675 656 1723 renutu·
673 1680 764 1741 uum,
785 1660 861 1751 quia
882 1684 1000 1745 genere
1019 1665 1149 1733 oratio.

149 1774 202 1836 nis
219 1771 255 1833 in
277 1761 464 1830 huiusmodi
486 1764 586 1828 causis
604 1764 802 1831 accuratiore
822 1783 870 1833 eat
893 1748 1059 1850 ureriduru,
1090 1768 1149 1839 itl

146 1877 240 1942 ‘circo
261 1893 337 1965 pars
365 1870 462 1935 ctiam
492 1866 583 1933 haec·
599 1892 764 1936 causarum
791 1874 990 1943 numeranda
1016 1875 1148 1947 videtur

150 1998 204 2075 aut
222 1976 367 2074 propriis
390 1975 571 2071 praeceptis
594 1974 814 2075 instruenda?

206 2094 208 2099 ’
237 2085 376 2151 Minime
397 2105 488 2167 uero,
512 2082 619 2173 inquit
640 2080 782 2151 Catulus.
813 2085 908 2166 ‚Non
928 2087 1017 2154 enim
1040 2087 1148 2159 deerit

147 2193 276 2262 homini
295 2189 417 2257 ‹liaerto
447 2190 482 2256 in
508 2189 668 2257 eiusmodi
690 2191 787 2257 rebus
816 2189 945 2259 facultas
969 2216 1008 2260 cx
1028 2200 1147 2269 celeria
1176 2208 1180 2214 '

147 2301 245 2369 rebus
267 2316 299 2363 et
318 2299 420 2365 causis
444 2315 637 2390 comparata.
685 2316 691 2331 ⁸
782 2346 786 2355 .

237 2418 289 2481 50.
316 2405 405 2491 Ergo
427 2406 522 2484 item,
550 2405 674 2498 inquit,
705 2405 779 2489 illa,
804 2428 885 2498 quae
907 2430 1001 2500 saepe
1023 2409 1145 2481 diaeum

1 2567 3 2572 .
111 2582 113 2587 ,
144 2511 268 2601 agenda
285 2516 370 2591 sun't,
388 2527 424 2607 'et
445 2533 526 2601 quae
548 2534 607 2596 cgo
628 2510 741 2603 paullo
755 2531 838 2597 ante,
861 2538 962 2605 quum
981 2513 1144 2610 eloquen-

144 2623 224 2685 tiam
246 2614 420 2697 laudarem,
442 2614 510 2681 dixi
531 2621 669 2683 oratoris
691 2642 768 2701 ease,
786 2623 1031 2712 nequehubent
1048 2650 1145 2698 suum

145 2722 257 2790 locum
296 2712 402 2785 ullum
438 2720 473 2785 in
511 2719 669 2789 divisione
707 2727 850 2816 partium
879 2753 986 2821 neque
1018 2754 1144 2806 certum

145 2843 395 2921 praeceptorum
417 2849 536 2911 genus,
569 2845 601 2895 et
623 2829 743 2914 agenda
768 2851 842 2899 sunt
864 2859 932 2901 non
950 2840 1063 2909 minua
1086 2842 1144 2911 di·
1190 2914 1200 2927 ,

144 2952 249 3015 certe,
266 2955 362 3024 quam
386 2933 517 3022 quaein
536 2929 593 2999 lite
613 2933 775 3019 dicuutur,
799 2940 991 3028 obiurgatio,
1016 2934 1143 3014 cohor-¹

30 3128 33 3133 .
144 3042 234 3122 tatio,
258 3034 456 3122 consolati03
481 3065 620 3132 quorum
642 3042 727 3108 nihil
743 3063 800 3124 est,
823 3048 913 3141 quotl
925 3074 994 3118 non
1018 3076 1143 3122 summa

145 3145 277 3214 dicendi
299 3142 495 3213 ¹ornamenta
529 3146 709 3235 desideret3
754 3150 814 3221 aed
848 3180 888 3223 ex
918 3150 1058 3227 attilicic
1084 3182 1142 3231 ret
1222 3198 1228 3207 ·
1254 3164 1257 3168 ’

143 3256 221 3322 israe
241 3269 412 3344 praecepta
431 3277 499 3320 non
518 3273 687 3347 quaerunt.

145 3354 149 3435 J
234 3356 346 3442 Plane,
367 3359 473 3449 inquit
498 3358 640 3444 Catulus,
662 3359 828 3437 as'sentior.

42 3560 46 3569 Ι
235 3479 290 3538 51.
318 3468 389 3548 Age
417 3487 507 3549 vero,
532 3469 644 3558 ¹inquit
668 3470 840 3559 Antonius,
875 3475 980 3568 qualis
1001 3480 1141 3547 oratoria

143 3584 176 3636 et
205 3572 315 3659 quanti
345 3570 489 3639 hominia
518 3574 555 3639 in
585 3572 725 3643 dicendo
754 3597 847 3671 putea
878 3606 945 3649 eaac
969 3585 1140 3654 historiam

144 3674 312 3743 scribere?

142 3882 280 3903 w

214 4016 281 4092 Cap.
299 4015 368 4073 ΧΠ.
387 4018 411 4089 5.
432 4018 475 4075 50.
504 4024 604 4092 paullo
622 3980 795 4113 autel-ilitio
815 4045 841 4086 c.
858 4050 884 4106 9.
903 4033 948 4090 ⁵5.
