2618 4440
84 279 139 350 ,24
341 246 404 391 .'
465 268 764 343 nemoris·
855 260 907 353 «ᾖ
980 338 984 349 ,
1061 308 1065 315 ,

27 452 37 463 ’
95 460 209 532 ciendis
235 464 304 555 ipse
333 472 401 533 e'sse
430 483 541 551 orator
568 490 709 535 summus
738 465 918 534 videbatur.
946 530 949 537 .
978 467 1086 539 Verbi
1116 500 1119 507 ·

66 608 71 619 ’
92 571 180 637 enim
197 574 414 639 controversia
435 575 497 639 iam
518 571 575 638 diu
599 588 728 663 torquet
747 569 944 656 Graeculos,
967 571 1084 641 homi-

8 706 16 725 ]
90 687 148 744 nos
169 678 383 745 contentionis
405 676 586 778 cupidiores
609 664 706 770 quam
724 678 876 745 veritatis.
922 687 975 751 48.
995 680 1084 759 Nam
1133 677 1168 779 l'

7 869 9 873 y
90 783 216 874 siquis
236 781 324 849 hunc
346 784 454 849 statuit
474 806 542 849 esse
566 801 746 866 oratorem,
775 785 831 874 qui
856 784 1084 859 tautummodo

89 891 128 957 in
147 890 218 954 iure
244 875 356 957 aut-in
385 887 511 955 iudiciis
533 891 636 980 possit
663 906 715 955 aut
739 887 824 980 apud
846 886 1007 991 populum
1028 907 1084 959 aut

89 997 128 1062 in
145 1002 255 1081 senatu
275 995 404 1085 copiose
420 991 523 1085 loqui,
546 1012 652 1065 tamen
665 993 744 1059 huic
760 994 823 1084 ipsi
843 992 942 1063 mttlta
963 994 1087 1065 tribuat

32 1156 37 1163 .
87 1117 122 1168 et
137 1097 291 1167 concedat
304 1120 433 1165 necesse
453 1117 510 1166 est.
555 1094 668 1190 Neque
688 1099 776 1165 enim
795 1099 865 1164 sine
878 1082 977 1196 inulta
999 1124 1084 1192 per-
1179 1122 1182 1131 ·

89 1207 278 1275 tractatione
304 1207 449 1274 omnium
474 1228 586 1272 rerum
613 1196 832 1298 publicarum,
872 1228 979 1295 neque
1009 1205 1084 1295 sine¹

88 1310 209 1403 legum,
233 1313 344 1392 moris,
377 1312 457 1377 iuris
478 1312 620 1385 scientia,
645 1334 751 1403 neque
775 1327 887 1376 natura
909 1308 1085 1383 hominnm
1149 1376 1152 1381 ,

84 1410 312 1504 incognita-sc
335 1417 492 1498 moribus,
517 1417 552 1483 in
575 1415 626 1483 lais
650 1417 729 1508 ipsis
751 1416 847 1481 rebus
868 1417 943 1481 satis
962 1413 1083 1485 callide
1176 1472 1179 1479 .

4 1513 32 1559 '¹
85 1526 209 1594 versari
230 1542 267 1591 et·
279 1508 384 1616 perite
402 1512 519 1613 potest.
568 1522 635 1611 Qui
658 1518 764 1587 autem
779 1520 860 1586 haec
878 1524 1082 1607 coguoveric
1158 1566 1161 1570 -

82 1633 156 1700 sine
182 1633 299 1721 quibus
331 1652 374 1693 ne
402 1624 459 1691 illa
482 1626 615 1719 quidem
637 1628 769 1695 minima
799 1628 836 1692 in
863 1630 964 1695 causis
989 1630 1085 1720 quis-

86 1760 187 1827 quam
207 1752 295 1799 rccte
314 1733 398 1799 tucri
416 1749 539 1823 potest,
565 1731 645 1823 quid
666 1731 745 1797 huic
769 1733 877 1798 abesse
890 1737 1016 1825 ¹poterit
1038 1733 1082 1801 de

86 1841 299 1908 maximarum·
314 1862 426 1904 rerum
440 1838 595 1905 scientia?
620 1838 680 1903 Sin
692 1839 829 1904 oratoris
845 1836 930 1903 nihil
939 1841 1081 1922 vislessc,

62 1980 65 1985 ·
85 1944 150 2011 nisi
164 1946 353 2034 composite,
362 1960 484 2025 ornate,
493 1943 624 2034 copiose
639 1939 749 2035 eloqui
761 1973 770 2008 z
784 1967 916 2034 quaero,
924 1943 960 2010 id
973 1945 1083 2038 ipsum

87 2053 145 2143 qui
167 2051 270 2142 possit
290 2053 417 2140 assequi
430 2051 499 2116 sine
521 2072 558 2113 ea
573 2049 714 2128 scientia,
746 2072 843 2141 quam
859 2050 889 2114 ei
908 2072 977 2117 non
997 2073 1083 2116 con-

86 2156 224 2223 ceditis?
242 2204 247 2213 ·
262 2155 401 2231 Dicendi
424 2156 512 2221 enim
533 2154 735 2245 virtus,„nisi
759 2157 807 2237 ei,
829 2157 886 2246 qui
909 2154 1006 2240 dicit,
1032 2180 1084 2239 ea,
1153 2158 1156 2163 ’

87 2262 274 2367 dequibus
303 2240 401 2346 dicii,
432 2279 586 2354 percepta
616 2263 697 2342 sint,
729 2278 850 2326 exstare
873 2285 941 2328 non
961 2280 1083 2353 potest,

83 2376 137 2449 49.
162 2368 386 2457 Quamobrem
406 2369 433 2434 si
457 2386 570 2435 ornate
594 2365 719 2435 locutus
743 2385 800 2449 est,
819 2369 900 2433 sicut
922 2385 952 2434 ct
974 2368 1080 2449 fertur

84 2493 117 2542 et
138 2470 222 2541 mihi
240 2474 384 2554 videtur,
411 2474 564 2566 physicus
592 2471 649 2542 ille
678 2475 901 2540 Democritus:
932 2473 1081 2540 materies

83 2577 141 2647 illa
157 2579 219 2645 fuit
238 2579 378 2675 physici,
397 2576 437 2643 de
459 2603 523 2670 qua
543 2578 635 2661 dixit,
661 2596 790 2644 ornatus
811 2603 888 2647 vero
911 2581 980 2670 ipse
1001 2564 1081 2646 rer-

83 2685 203 2752 borum
225 2685 363 2749 oratoris
383 2681 542 2775 putandus
562 2676 620 2749 est.
675 2684 721 2750 Et·
747 2685 774 2749 si
795 2681 885 2754 Plato
913 2685 953 2751 dc
981 2686 1082 2753 rebus

83 2813 102 2855 a
123 2785 278 2868 civilibus
294 2789 522 2876 controversiis
541 2788 761 2856 remotissimis
781 2791 935 2858 divinitus
954 2809 1003 2879 cst
1024 2787 1079 2861 lo-

83 2911 187 2978 cutus,
212 2892 302 2985 quod
315 2915 378 2980 ‘ego
395 2892 559 2969 concedo:
581 2897 609 2960 si
626 2895 704 2961 item
718 2893 919 2995 Aristoteles,
940 2899 968 2963 si
985 2895 1080 2966 The·

84 3045 223 3070 m

75 3190 77 3194 .
156 3145 183 3215 §.
200 3141 246 3197 48.
283 3140 309 3196 Ie
330 3159 383 3207 um,
395 3140 496 3215 ¹moris]
521 3136 582 3196 'Sic
598 3139 690 3216 Ham.
707 3141 739 3209 B,
757 3142 855 3200 Guell.
873 3144 905 3212 B,
923 3144 945 3201 C
963 3157 991 3201 et
1007 3144 1076 3204 fort.

82 3213 142 3270 Eri.
162 3233 187 3278 2,
204 3210 281 3278 An,
306 3160 393 3275 lunt,
418 3208 500 3280 Crat,
526 3210 614 3277 Man„
639 3212 716 3281 sch„
738 3213 826 3283 Harl,
843 3214 984 3277 Mueller,
1004 3210 1075 3281 One
1103 3272 1106 3277 ,

82 3290 214 3352 sequitur
231 3288 306 3335 enim
324 3280 455 3348 ructibus,
467 3311 502 3323 -
516 3283 615 3354 legum,
634 3302 737 3337 morum
751 3287 880 3356 plerique
901 3287 993 3352 codd.,
1012 3284 1078 3353 edd.
1099 3286 1103 3295 '

81 3358 241 3420 antiquiss,
263 3350 495 3421 Steph.‚1.amb.‚
521 3352 612 3418 Grut„
630 3354 708 3419 Em,
727 3349 809 3408 Olsh.
1078 3354 1083 3362 ⁴

153 3422 378 3489 conceditis]›H.
398 3438 422 3475 c.
444 3434 476 3475 tu
498 3435 527 3476 et
546 3423 635 3477 Graeci
654 3426 698 3478 illi
717 3425 901 3496 philosophi3
927 3430 967 3480 sic
1006 3424 1081 3479 leri-¹

82 3506 140 3610 que
159 3492 240 3543 codd.
260 3494 358 3558 (etiam
375 3490 468 3544 Havn.
489 3498 603 3560 uterq),
623 3493 716 3549 Hahu.
736 3499 866 3563 et,rulgo
884 3497 951 3548 indo
966 3445 1078 3553 alnis.
1158 3546 1163 3557 ,

105 3576 137 3620 03
170 3559 222 3613 clr.
239 3559 336 3615 Pearc.
360 3561 395 3613 ad
414 3561 445 3616 h.
466 3562 487 3623 1,
505 3572 534 3613 et
553 3562 690 3630 Heusing.
714 3566 749 3618 ad
768 3564 825 3618 Cic.
844 3561 907 3617 Off„
921 3561 1027 3630 praelat.
1046 3578 1074 3630 p.

82 3618 215 3749 {Lini}
216 3652 261 3747 1-1]
287 3631 411 3683 concedis
434 3628 496 3684 Eris
521 3647 551 3693 1,
575 3631 691 3698 reliquae
716 3634 779 3686 edd.
797 3636 963 3699 antiquiss,
999 3629 1075 3696 Em..
1163 3690 1167 3695 ¹

111 3714 162 3750 ar.
228 3713 240 3748 s
263 3733 271 3752 .
616 3716 619 3722 ·
653 3739 657 3745 .
983 3717 985 3721 ’

153 3737 175 3834 ς’.
194 3767 237 3836 49.
272 3758 347 3818 sicui
362 3779 390 3822 ee
402 3767 515 3838 fertur]
550 3767 595 3820 Ita
609 3754 677 3821 Ver.
697 3765 803 3837 steph,
831 3768 864 3834 U,
883 3768 916 3836 Z,
942 3782 1030 3839 marg.
1049 3767 1075 3840 cl,

81 3828 142 3888 Eri.
162 3845 262 3903 uterq„
285 3834 353 3902 Erf„
376 3838 509 3906 Mueller,
536 3833 588 3891 Or.
610 3838 735 3888 -sicut
756 3847 785 3890 et
802 3837 946 3911 serunt'ss',
964 3837 988 3906 ὃ,
1010 3841 1074 3897 edd.

80 3908 229 3973 antiquiss.
251 3932 285 3943 -
311 3906 383 3958 sicut
401 3907 521 3975 effitiunt
547 3927 568 3961 s.
589 3935 624 3945 ·-
650 3906 723 3974 sicut
735 3905 834 3975 fertur
860 3908 951 3965 lictu.
970 3922 1075 3982 uterq..

81 3995 109 4050 a,
126 3995 153 4049 y,
179 3972 257 4032 alet
274 3978 315 4032 sic
332 3972 420 4049 vulgo
439 3977 505 4033 iude
524 3977 558 4034 ab
577 3975 645 4035 Ald.
663 3988 699 4054 et¹
712 3976 796 4061 lunt.¹
823 4051 827 4056 .
