2618 4440
96 282 99 287 ·
168 284 235 355 338
383 216 841 354 ζᾯ““ (ΙΙ<]ΕΙὶ(),ΝΙ’5

172 490 240 536 non
256 461 382 532 luctum
398 461 495 548 filiae,
515 461 890 553 nongexsiliumfgencui,
907 486 978 541 ¹nou
1000 469 1173 537 acerbari,

170 597 257 640 mam
280 571 319 639 G.
331 570 441 637 'Marii
461 570 587 656 fugam,
622 595 691 640 non
720 569 810 638 illam
825 590 914 664 post
931 573 1176 643 reditumeius

173 676 306 747 caedem
324 678 471 745 omnium
488 674 754 758 crudelissimam,
775 702 845 746 non
861 677 1003 770 denique
1023 681 1060 745 in
1079 683 1174 748 omni

172 807 291 871 genere
320 780 531 858 deformatam
560 807 630 872 eam
657 785 835 875 civitatem,
871 785 993 874 innqua
1014 786 1084 877 ipsc
1106 786 1174 855 tio·
1221 826 1225 831 -
1263 780 1266 786 ¹

171 890 354 958 sontissima
374 887 685 983 multumorpiribus
708 886 1057 981 gioriapraestitisset.
1095 924 1098 929 ’
1154 971 1162 976 ,

261 994 371 1072 llio.
413 989 479 1059 Sed
503 995 658 1084 quoniam
678 995 768 1078 attigi
797 995 991 1079 cogitatione
1022 996 1089 1062 vim
1112 1019 1184 1063 van

171 1100 383 1190 rietatemquc
406 1095 567 1177 fortunae,
591 1123 660 1179 non
681 1099 849 1184 vagabitur
864 1102 978 1167 oratio
1000 1125 1070 1167 mea
1090 1099 1171 1169 lon·

102 1192 106 1197 ⁵
170 1207 241 1291 gius
261 1222 356 1296 atque
378 1204 424 1270 eis
446 1201 514 1270 sace
532 1205 610 1296 ipsis
627 1203 801 1272 definietur
818 1205 916 1289 viris,
941 1206 999 1297 qui
1014 1205 1079 1273 hoc
1097 1231 1172 1273 ser-

172 1333 288 1392 mone,
330 1296 576 1400 quem'referre
596 1313 786 1403 coepimus,
820 1311 1039 1380 continemur⁴
1069 1311 1172 1401 'Quis

171 1417 260 1511 enim
278 1439 355 1483 non·
367 1417 439 1482 iure
459 1415 584 1515 beatam
604 1415 643 1483 L.
665 1410 776 1486 Crassi
793 1434 940 1484 mortem·
955 1415 1062 1503 illam,
1089 1441 1173 1511 quac

241 1644 347 1708 luctum
361 1652 621 1720 filice—exsiliter:
639 1656 746 1724 gerren‘]
768 1655 893 1725 (Licinia,
910 1655 1001 1710 Crassi
1022 1664 1051 1706 et
1067 1650 1172 1705 Mursa

171 1723 295 1792 liliam.
310 1724 442 1790 Scipioni,
461 1720 626 1790 Serapionis
644 1729 760 1790 nepoti,
784 1739 920 1793 nupserat
939 1725 1009 1792 (Cic.
1027 1723 1109 1779 Brut.
1127 1723 1173 1775 58.

79 1846 83 1853 ,
172 1798 247 1857 211).
282 1791 336 1842 Hic
356 1790 463 1858 Scipio,
480 1806 565 1857 quem
591 1806 657 1840 curn
677 1790 707 1843 L.
727 1789 995 1862 Cornel.‘Scipione
1014 1808 1073 1844 cos.
1090 1810 1115 1845 a.
1137 1790 1192 1844 [Ι.Ἰ
1252 1818 1257 1824 ·

92 1908 98 1915 ,
168 1866 219 1929 67'1
244 1860 304 1926 (83)
332 1856 484 1911 confundit
504 1856 682 1933 Muellerus,¹
699 1859 795 1912 eadem
822 1863 884 1928 lege
909 1863 996 1916 Varia
1022 1862 1172 1916 damnatus

171 1941 256 1999 atque
272 1934 303 1995 in
322 1928 459 1989 exsilium
474 1929 584 1980 eiectus
600 1925 690 1979 fuisse
711 1929 835 1984 ridetur.
1061 1953 1068 1962 ,

245 1997 450 2051 acerbissimam
478 2000 506 2052 0.
532 1996 680 2118 Martiae
702 1996 761 2069 arn]
805 1998 842 2052 A.
859 1996 895 2052 U.
917 1995 974 2050 ,666
1000 1997 1058 2062 (88)
1079 2015 1171 2065 quum

169 2065 202 2121 L·
219 2064 353 2121 Cornelio
382 2063 468 2119 Sulla
493 2067 608 2119 consuli
664 2066 860 2120 it'ridaticum
887 2066 996 2119 bellum
1023 2066 1170 2121 decretum
1242 2118 1244 2125 ‚

170 2150 259 2203 esset,
278 2139 310 2194 P.
337 2124 484 2205 Sulpicius
513 2134 579 2204 trib.
628 2137 648 2188 l.
673 2146 790 2194 auctore
815 2135 848 2197 ,0.
873 2134 967 2189 Mario
993 2139 1173 2201 rogationem
1211 2194 1217 2201 ‚

164 2209 247 2271 tulit,
266 2219 298 2260 ut
318 2204 402 2260 Sulis
422 2152 797 2274 imperiummdrogaretur,
817 2217 845 2258 et
862 2204 892 2258 C.
910 2202 1019 2258 Marius
1040 2204 1100 2256 dux
1122 2208 1172 2257 ad·
1229 2206 1234 2220 ¹

112 2321 114 2324 ,
170 2294 270 2330 sersus
288 2275 482 2329 Mithridatem
510 2287 685 2332 crearetur(
708 2275 784 2327 Tum
809 2273 1062 2331 Sulla'contracto
1084 2289 1172 2326 exer.

169 2353 230 2401 ritu
257 2349 292 2400 ad
319 2345 420 2399 urbem
446 2345 533 2398 rediit
559 2361 678 2413 eamque
707 2350 793 2399 annis
815 2349 983 2413 occupavit3
1017 2342 1171 2399 duodecim

168 2429 299 2470 atrctorcs
325 2432 464 2469 novarum
490 2431 602 2482 rerum,
626 2418 703 2466 inter
721 2431 793 2482 qnos
819 2413 944 2467 Meriana
969 2429 1034 2468 cum
1059 2411 1121 2463 filio
1141 2426 1170 2466 et

169 2485 340 2554 Sulpicium,
359 2482 432 2536 urbe
451 2483 619 2536 exturbavit
636 2500 669 2535 ac
687 2484 751 2550 lege
776 2485 830 2536 lata
850 2485 966 2535 exsules
984 2483 1063 2535 iecit.
1099 2480 1169 2535 Sul-

191 2561 263 2608 icius
284 2551 452 2607 interiectus
471 2563 528 2615 est3
553 2551 583 2606 C.
607 2551 717 2605 Marius
737 2552 815 2607 filius
836 2552 870 2604 in'
891 2551 1019 2607 Africam
1041 2555 1170 2613 traiecit;

168 2573 201 2679 g.
218 2623 328 2676 Marius
347 2635 436 2690 pater,
462 2638 552 2689 quum
567 2625 599 2673 iu
617 2618 771 2689 paludibus
798 2618 1041 2674 Minturnensium
1058 2623 1170 2685 intonet,

171 2704 316 2761 eastractns
335 2703 379 2743 est
395 2689 430 2743 ab
453 2691 620 2759 oppidaniss
644 2701 673 2761 et
691 2697 903 2757 quumrnissns
923 2692 959 2743 ad
980 2691 1169 2744 occidendum
1254 2726 1257 2730 -

169 2779 238 2814 euru
255 2777 365 2824 servus,
389 2762 505 2811 natione
523 2757 638 2831 Gallus,
669 2764 815 2812 irraicstate
836 2765 905 2812 tarrti
925 2766 979 2832 viri
997 2767 1168 2828 perterritus
1297 2822 1299 2829 ¹

170 2834 343 2891 recessisset,
369 2833 520 2896 impositus
537 2827 655 2896 publice
675 2832 706 2879 iu
725 2833 821 2885 navim
842 2831 952 2883 delatus
973 2841 1015 2882 est
1036 2834 1067 2882 in
1088 2828 1170 2883 Airi-
1222 2827 1229 2839 “
1297 2844 1300 2853 ·

169 2916 239 2964 cem,
256 2898 307 2951 ubi
323 2897 498 2966 aliquamdiu
513 2901 629 2966 inopem
646 2900 734 2949 ‘tritam
754 2903 783 2953 iu
803 2910 834 2951 tu
858 2903 922 2951 urio
939 2904 1086 2951 ruinarum
1100 2898 1168 2952 Cer.

169 2970 395 3036 thagiuienslum
419 2968 561 3019 toleravit.
588 2965 650 3023 Litt.
679 2971 750 3035 epit.
769 2986 832 3039 ἠρ
867 2970 915 3024 cll.
933 2968 1043 3025 Patere.
1070 2970 1105 3024 ll.
1129 2989 1171 3044 19,

168 3037 314 3092 Plutarch.
331 3036 402 3092 Mar.
423 3036 457 3088 35
476 3051 545 3103 sqq„
566 3034 687 3104 Appian.
706 3035 739 3088 Β.
758 3036 830 3090 c.1.
850 3039 884 3090 55
900 3055 962 3107 sqq.
1039 3072 1045 3079 -

240 3107 320 3159 illam
337 3116 401 3176 post
421 3107 540 3159 raditum
559 3108 619 3158 eius
637 3107 752 3173 caedem]
789 3105 826 3162 Α.
845 3107 880 3164 U.
901 3109 952 3178 667
971 3109 1030 3178 (87)
1048 3105 1080 3161 L.
1100 3106 1179 3161 Con·
1211 3145 1213 3150 -
1300 3140 1303 3173 t

169 3176 226 3232 uel.
240 3174 337 3229 Cinna
353 3193 413 3230 cos.
438 3191 527 3243 quum
546 3179 721 3242 perniciosas
742 3178 819 3244 legas
840 3193 892 3245 per
909 3184 970 3241 ¹uim
987 3190 1072 3245 atque
1091 3196 1170 3232 arma
1301 3182 1303 3189 '

169 3238 267 3311 ferret,
292 3247 393 3314 pulsus
418 3243 490 3298 ur'be
508 3263 523 3297 a
542 3244 593 3298 Cn.
611 3241 734 3297 Octavio
751 3247 877 3314 collega,
901 3259 1068 3315 corruptum
1087 3264 1171 3319 pacr—
1249 3302 1256 3310 ,

170 3321 260 3369 citum
278 3319 308 3369 in
328 3331 408 3368 suam
425 3325 595 3383 potestatem
613 3315 725 3382 redegit
743 3328 771 3368 et
787 3315 895 3368 bellurn
914 3316 981 3370 urbi
998 3318 1106 3382 intulit,
1125 3337 1170 3371 ar·
1209 3354 1216 3364 ι

151 3390 272 3439 .cessito
292 3382 322 3437 C.
342 3384 436 3437 Mario
454 3401 493 3437 ert
511 3383 610 3438 Africa
629 3401 695 3436 cum
714 3386 777 3438 aliis
795 3385 956 3443 exsulibus.
991 3380 1169 3455 Optiriutum

170 3451 294 3507 factione
314 3460 398 3517 victa,
416 3451 505 3505 Cinna
529 3466 557 3508 et
575 3453 684 3506 Marius
704 3459 734 3507 iu
754 3453 855 3508 urbem
877 3460 984 3525 recepti
1004 3467 1081 3511 sunt.
1117 3456 1169 3508 Ni-

166 3524 211 3577 inl
230 3527 280 3591 illa
299 3528 417 3584 victoria
435 3523 538 3586 [uisset
554 3525 709 3588 crudelius,
728 3530 783 3578 nisi
800 3541 871 3577 mox
889 3523 1006 3578 Sullana
1026 3534 1168 3579 esset'se-

168 3605 248 3649 cuta;
267 3610 361 3660 neque
382 3595 498 3645 licentia
517 3597 548 3646 in
565 3594 723 3647 mediocres
743 3597 879 3659 saevitum,
906 3596 956 3646 sed
977 3597 1168 3649 excelsissimi

168 3667 277 3728 quique
295 3676 381 3731 atque
400 3666 615 3715 eminentissimi
633 3666 757 3715 civitatis
778 3667 834 3716 riri
852 3667 938 3729 variis
957 3667 1168 3732 suppliciorum

168 3731 321 3797 generibus
341 3730 452 3793 allectis
470 3737 501 3784 in
520 3735 557 3784 iis
575 3731 625 3786 Cu.
645 3727 784 3787 Octavius
801 3748 870 3794 coa,
889 3732 922 3786 L·
940 3731 1027 3786 Corn.
1044 3735 1169 3803 Merula,
1216 3741 1220 3749 “

167 3802 217 3866 qui
236 3805 267 3852 in
283 3805 377 3854 eiecti
394 3800 488 3854 Cinnae
516 3801 611 3854 locum
637 3801 739 3855 consul
756 3798 893 3855 suffectus
912 3803 1016 3866 iuerat,
1045 3803 1087 3858 M.
1105 3805 1169 3859 An-

167 3871 273 3932 tonius,
300 3867 335 3938 Q.
355 3869 489 3931 Catulus,
515 3868 547 3928 L.
565 3881 593 3922 et
610 3867 642 3922 0.
665 3871 734 3922 iulii
753 3868 890 3940 Caesares,
916 3872 948 3926 Ρ.
966 3872 1101 3937 Crassus,
1130 3876 1167 3933 al.

167 3936 228 3992 Lis.
248 3941 317 4007 epit.
337 3957 370 4007 79
389 3951 416 3990 et
435 3942 479 4000 80,
500 3940 580 3993 vall,
595 3939 703 3992 Patere.
723 3940 759 3993 ti.
777 3959 810 3995 ao
828 3957 899 4012 sqq„
925 3942 1073 3999 Plutarch.
1091 3943 1170 4001 Mar.
1208 3952 1212 3959 '

164 4013 195 4060 ir
217 4025 287 4078 sqq,
307 4009 431 4079 Appiae.
450 4009 485 4061 B.
502 4008 533 4066 C.
553 4010 575 4062 i.
598 4010 632 4064 tit
649 4020 711 4080 sqq.
745 4051 748 4060 .
824 4064 829 4074 ,
