2618 4440
163 335 206 404 63
296 324 302 331 ·
345 334 349 341 ·
543 321 777 391 ctcnnoms

165 520 301 603 esse;.si
328 516 416 601 aliia,
444 516 540 582 etiam
562 517 685 600 obesse,
706 541 808 610 quum
830 516 936 582 minus
961 515 1089 584 idoneis
1110 520 1160 586 uti

164 647 418 707 consuescerem.
464 633 537 701 155.
573 623 790 692 Postea.milri
811 619 942 714 placuit,
967 647 1073 715 eoque
1086 646 1162 693 sum

161 756 235 815 usus
251 726 447 817 adolescens,
469 743 506 794 ut
523 751 722 793 summorum
738 747 903 794 oratorum
920 727 1060 809 Graecas
1082 753 1162 795 ora-

160 824 266 911 tiones
288 831 493 925 explicarem.
541 833 669 920 Quibus
690 831 781 898 lectis
800 833 865 899 hoc
886 833 1087 922 assequebar,
1100 850 1160 917 nt,

162 968 262 1033 quum
287 965 340 1021 ea,
375 963 457 1030 quae
484 937 624 1023 legeram
646 938 796 1021 Graece,
834 938 948 1006 Latine
971 937 1157 1024 redderem,

159 1072 228 1112 non
257 1042 362 1111 solum
388 1045 519 1136 optimis
548 1042 655 1109 re'rbis
683 1040 792 1110 uterer
814 1061 852 1127 et
881 1063 989 1108 tamen
1020 1043 1155 1123 usitatis,
1234 1126 1239 1135 ἱ

158 1150 216 1217 sed
239 1151 334 1215 etiam
355 1150 571 1241 exprimerem
586 1148 742 1240 quaedam
756 1149 855 1216 verba
879 1147 1046 1232 imitando,
1071 1172 1157 1239 quae

155 1256 383 1323 nova'nootris
406 1271 521 1335 essent,
546 1253 626 1319 dum
644 1254 744 1323 modo
766 1271 870 1322 essent
891 1254 1019 1319 idonea.

243 1369 316 1436 156.
362 1360 431 1426 Iam
452 1357 592 1425 vocis’et
614 1361 746 1451 spiritus
774 1378 806 1426 et
828 1361 925 1427 totius
949 1357 1099 1449 eorporis
1120 1376 1156 1426 et

153 1467 253 1558 ipsius
279 1464 407 1550 linguae
430 1481 537 1530 motus
558 1483 592 1530 et
614 1466 857 1531 exercitationes
885 1487 961 1529 nen.
977 1480 1041 1530 tam
1074 1465 1154 1529 artis

153 1571 299 1661 indigent
321 1594 417 1661 quam
435 1568 577 1652 laboris3
609 1570 728 1660 quibus
752 1573 788 1634 iu
813 1569 912 1637 rebus
933 1566 1081 1633 habenda
1104 1585 1155 1635 eat

152 1677 236 1741 ratio
260 1673 444 1759 diligenter,
467 1697 549 1763 quos
568 1675 752 1756 imitemur,
782 1699 922 1765 quorum
945 1672 1067 1740 similes
1091 1696 1158 1759 ve·-

153 1778 250 1845 limus
271 1802 351 1844 esse.
397 1776 549 1844 Intuendi
568 1779 663 1844 nobis
683 1795 758 1844 sunt
780 1804 847 1846 non
865 1779 970 1847 solum
994 1795 1173 1864 oratores,

152 1885 210 1951 sed
231 1886 488 1965 cmmemores,
523 1906 565 1948 ne
585 1880 668 1949 mala
691 1883 923 1951 consuetudine
945 1884 986 1951 ad
1008 1882 1152 1976 aliquam

153 1989 671 2083 deformitatempravitatemque
699 1991 874 2056 veniamus.
938 2003 1011 2075 157.
1040 1990 1151 2056 Exer-

152 2094 252 2163 cenda
273 2114 320 2162 est
335 2097 431 2162 etiam
453 2095 610 2161 m'emoria
632 2093 812 2179 ediscendis
834 2094 1030 2171 adverbum
1051 2118 1150 2187 quam

148 2199 300 2295 plurimis
330 2219 364 2268 et
392 2201 512 2287 nostris
535 2201 663 2292 seriptis
692 2218 723 2265 et
742 2199 865 2267 alienis.
922 2206 1029 2291 Atque
1053 2204 1088 2267 in
1111 2228 1150 2270 ea

96 2334 114 2353 ··
148 2309 375 2399 exercitatione
389 2331 456 2374 non
473 2330 549 2373 sane
564 2304 645 2372 mihi
667 2304 816 2398 displicet
831 2305 995 2397 adhibere,
1016 2309 1043 2373 si
1062 2308 1149 2399 eon·

148 2416 268 2498 sueris,
297 2415 394 2481 etiam
422 2415 515 2479 istam
538 2410 688 2479 locorum
709 2409 1021 2503 simulacrorumque
1043 2417 1147 2482 ratio-
1182 2418 1185 2423 ’

145 2545 231 2604 nem,
254 2545 335 2610 quae
360 2521 393 2583 in
410 2536 477 2583 arte
499 2519 647 2583 traditur.
701 2515 879 2587 Educenda
895 2516 1019 2583 ‘deinde
1041 2518 1155 2588 dictio¹
1240 2521 1255 2529 ’

145 2643 193 2690 est
218 2648 257 2689 ex
276 2625 339 2688 hac
363 2620 539 2689 domestica
568 2623 795 2711 exercitatione
824 2636 855 2687 et
884 2622 1050 2716 umbratili
1073 2648 1146 2691 me-

146 2725 238 2797 dium
261 2731 296 2793 in
317 2751 442 2812 agmen,
468 2727 509 2821 in·
523 2723 703 2818 pulverem,
728 2729 763 2792 in
781 2725 966 2810 clamorem,
992 2731 1027 2795 in
1043 2714 1156 2808 eastra.

146 2852 241 2925 atque
265 2835 300 2899 in
320 2834 422 2898 aciem
444 2831 605 2899 forensem
616 2858 639 2915 3v
652 2832 835 2902 subeundus
852 2825 970 2919 †'usus
985 2838 1145 2920 omnium,

145 2955 284 2974 ’nn-n·-

215 3003 238 3080 ᾗ.
260 3007 319 3065 155.
356 3029 418 3084 quoe
436 3008 460 3063 le
482 3005 568 3081 erum]
604 3007 758 3068 SieHavn.
777 3008 811 3074 B,
830 3009 925 3069 Gu'eli.
943 3011 974 3078 C,
991 3011 1050 3069 Erl.
1073 3033 1144 3085 m,

143 3106 165 3148 a,
182 3084 226 3139 ed.
244 3099 267 3139 t.
284 3084 304 3137 l.
325 3093 353 3134 et
371 3100 406 3145 u,
424 3080 466 3134 Ha
491 3099 529 3144 m,
546 3082 628 3140 Ven„
656 3079 741 3151 Lotu,
759 3079 825 3135 Seh.
845 3086 874 3135 in
897 3083 941 3136 ed.
961 3089 1034 3150 mai„
1051 3084 1143 3153 Harl,

141 3154 235 3215 Otsh.
254 3147 304 3205 Or.
325 3179 361 3189 -
380 3170 444 3223 quoe
469 3148 581 3220 legerim
603 3148 678 3204 Crat.
703 3182 739 3211 -,
777 3169 822 3203 uoe
848 3152 968 3221 legerem
993 3151 1084 3206 llatn.
1104 3158 1154 3226 A,
1210 3181 1214 3185 ·

142 3231 170 3293 β,
184 3245 213 3294 y,
231 3218 255 3286 ὃ,
268 3223 314 3289 al„
332 3220 413 3279 Med.
428 3232 528 3288 utraq.‚
546 3216 625 3285 Ald,
643 3212 746 3292 turia,
772 3218 854 3285 amb„
873 3220 965 3288 Grut„
977 3222 1056 3293 Em,
1073 3221 1143 3287 sch.
1161 3247 1163 3250 ⁴
1227 3249 1233 3267 ⁶

142 3299 174 3344 iu
191 3299 300 3345 minore
320 3292 376 3356 etl,
394 3288 527 3344 Mueller.
586 3305 589 3308 ’

79 3368 84 3377 ’
142 3394 183 3480 Π,
198 3363 233 3480 θςῦ.
256 3362 314 3429 157.
359 3363 477 3414 locorum
495 3356 758 3433 simulacrorumque
779 3360 926 3428 rationem]
962 3358 1039 3414 Vide
1058 3355 1140 3421 Orat.

172 3462 179 3479 .
253 3447 313 3496 sqq.

211 3498 366 3551 subeundus
386 3516 452 3551 naus
470 3499 599 3566 omnium]
638 3495 716 3566 Quid
736 3498 794 3553 sibi
813 3500 882 3552 velit
901 3498 1082 3567 indefinitum
1101 3504 1164 3569 tt„
1259 3548 1263 3555 .

141 3561 192 3617 lud
212 3577 240 3617 et
252 3582 355 3632 vagum
368 3571 576 3632 ususomnium,
596 3580 644 3619 aut
662 3570 733 3636 quid
752 3574 790 3623 sit
807 3569 899 3621 subire
915 3588 994 3625 usum
1010 3574 1140 3637 omnium,

140 3634 235 3686 fatcor
252 3651 296 3686 mo
315 3640 442 3699 nescire,
469 3653 562 3702 ireque
582 3634 700 3700 debite,
731 3643 802 3704 quin
821 3651 973 3706 corruptus
994 3643 1031 3692 sit
1048 3642 1140 3696 lorus.

74 3754 81 3771 Ι
140 3703 246 3759 Praeter
264 3698 335 3767 Eri,
354 3709 383 3755 iu
401 3721 459 3772 quo
479 3709 615 3756 omissum
636 3717 677 3756 eat
700 3723 857 3769 vocsnsns,
875 3724 972 3759 omues
994 3707 1140 3765 Ciceronis
1178 3758 1181 3763 .
1248 3702 1261 3767 ¹.

142 3772 224 3833 cedd.
243 3776 273 3823 iu
293 3771 345 3823 hac
364 3773 492 3827 lectione
504 3777 705 3835 censenti-uut;
734 3775 784 3827 sed
804 3776 862 3832 lul.
878 3777 988 3842 Vietor,
1006 3784 1057 3846 qui
1074 3779 1140 3835 Art.

141 3843 216 3909 rhet.
237 3859 266 3909 p.
290 3841 432 3909 119hune
452 3837 653 3906 locumafl'ert‚
674 3839 794 3897 exhibet
811 3845 889 3897 visua
907 3850 1033 3912 omilium,
1061 3850 1139 3918 quod
1228 3838 1238 3873 ²

139 3911 235 3966 illarius
254 3910 287 3962 od
306 3911 327 3967 l.
344 3911 365 3961 l.
393 3910 439 3963 hie
458 3912 655 3979 reponendum
681 3924 790 3974 cernon
815 3916 917 3967 melius
935 3912 1059 3986 Madvig,
1086 3923 1139 3987 qui
1209 3952 1212 3957 ·
1262 3933 1265 3940 ·

139 3981 215 4033 iliud
234 3984 327 4049 ipsum
347 3995 410 4031 roe.
429 3987 591 4034 coniectura
608 3986 692 4043 eruit,
711 3983 864 4049 legendum
882 3995 980 4051 putat:
998 3991 1073 4041 vis-na
1090 3990 1139 4040 iao-

139 4042 244 4104 minum
255 4051 385 4113 (omnium
397 4060 426 4104 ct
442 4051 579 4103 domorum
597 4055 627 4104 iu
647 4047 728 4108 MSS.
749 4050 980 4122 frequentissime
998 4057 1138 4111 conlundi
1231 4054 1265 4141 f..
