2618 4440
120 250 145 289 ²
192 292 234 362 50
564 254 800 350 crosrouts
889 334 894 342 .

189 473 366 555 conditum,
387 467 550 538 libersit?
574 469 690 560 Quid?
711 465 802 564 quod
817 491 875 537 usu
890 473 1048 539 memoria
1060 491 1194 566 patrum

137 661 142 677 ι
188 581 288 663 venit,
311 597 347 645 ut
362 573 600 670 paterfamilias,
623 577 680 666 qui
701 600 742 642 cn
757 577 912 668 Hispania
927 581 1063 646 Romam
1078 583 1192 648 venis-

186 687 260 770 set,
275 710 377 776 quum
397 706 533 750 uxorem
548 700 779 774 praegnantem
794 684 828 747 in
840 685 1017 773 provincia
1032 674 1195 777 reliquisss
1247 715 1252 721 ·

187 809 249 874 set,
269 795 456 880 Romaeque
468 784 601 854 alteram
618 787 770 870 duxisset,
794 809 901 877 neque
917 791 1066 871 nuntium
1081 794 1192 883 priori

186 897 379 978 remisisset,
410 912 619 984 mortuusque
639 910 721 958 esset
742 893 908 977 intestato,
937 911 969 961 et
992 900 1029 961 eir
1052 906 1191 995 utreque

187 1000 274 1068 filius
295 1019 396 1068 natus.
416 1016 516 1067 essetz
553 998 769 1065 mediocrisne
794 1022 847 1065 res
874 999 909 1063 in
933 1002 1192 1069 controversiam
1217 1076 1221 1081 ,

187 1106 323 1173 adducta
353 1108 424 1181 est?
466 1129 567 1196 quum
584 1100 808 1195 'quaereretur
840 1101 885 1169 de
910 1094 1040 1173 'duobus
1067 1106 1191 1185 civium
1264 1161 1268 1169 .

186 1213 354 1304 capitibus,
376 1229 408 1278 et
430 1210 470 1277 de
493 1235 615 1303 puero,
650 1211 708 1301 qui
722 1234 768 1289 ‚ex
790 1211 973 1300 posteriore
996 1206 1086 1278 uetus
1109 1230 1192 1296 erat,
1215 1264 1234 1277 ..

186 1336 219 1384 et
239 1317 279 1384 de
297 1318 366 1385 eius
385 1335 507 1397 matre,-
533 1330 634 1407 quae,
668 1317 694 1382 si
716 1314 912 1381 iudicaretur
931 1317 1027 1383 certis
1051 1318 1192 1407 q'uibus·

185 1421 259 1491 dam
279 1424 403 1505 verbis,
436 1446 505 1490 non
529 1422 629 1489 ‘novis
649 1423 771 1513 nuptiis
783 1420 897 1504 ,fieri
923 1446 994 1488 cum
1020 1424 1192 1514 superiore

185 1528 374 1611 divortium,
391 1529 427 1594 in
441 1528 640 1595 concubinae
659 1524 768 1593 locum
785 1526 968 1596 duceretur.
1013 1528 1194 1601 184.'Haec·

187 1636 286 1720 igitur
317 1653 350 1701 et
381 1633 503 1709 horum
529 1630 648 1699 similis
678 1634 748 1698 iura
771 1657 843 1699 suae
867 1634 1003 1700 civitatis
1030 1634 1191 1716 ignorans

185 1742 270 1821 tem,
309 1746 452 1806 erectum
476 1756 508 1805 et
529 1735 669 1815 celsum,
706 1733 802 1802 alacri
830 1756 861 1804 ct
883 1757 1038 1830 prompto
1068 1763 1125 1804 ore
1151 1725 1190 1805 ac
1255 1788 1259 1795 .

186 1843 279 1914 vultu
297 1844 362 1910 huc
386 1860 481 1936 atque
509 1840 589 1910 illuc
616 1841 830 1931 intuentem,
847 1846 954 1928 vagari
979 1868 1092 1929 magna
1111 1868 1191 1913 cum
1217 1858 1223 1866 ‘

187 1968 312 2017 caterva
334 1966 403 2017 toto
427 1948 521 2033 foro,
549 1946 745 2042 praesidium
774 1945 946 2044 clientibus
970 1968 1065 2042 atque
1087 1973 1188 2041 opem
1215 1941 1218 1946 ¹

185 2058 296 2125 amicis
320 2077 352 2124 et
366 2050 472 2151 prope
493 2046 614 2121 cunctis
633 2053 758 2121 civibus
780 2051 887 2122 lucem
904 2056 1026 2139 ingenii
1049 2049 1084 2121 ct⁴
1102 2079 1202 2125 con··
1262 2138 1267 2143 .
1290 2043 1294 2049 ’

184 2161 250 2254 silii
273 2163 563 2257 suipporrigcntem
585 2176 680 2251 atque
702 2159 898 2242 tendentem,
922 2184 1032 2227 nonne
1054 2162 1088 2226 in
1110 2162 1187 2255 pri-

182 2271 243 2339 mis
263 2267 457 2353 flagitiosum
481 2264 661 2361 putandum
686 2267 759 2332 est?
896 2343 900 2347 ¹

122 2366 125 2370 ¹
273 2373 361 2440 XLI.
393 2388 467 2452 165·
521 2377 565 2443 Et
598 2373 752 2464 quoniam
783 2371 824 2436 dc
865 2370 1066 2463 impudentia
1105 2370 1186 2455 dixi,

183 2481 371 2565 castigemus
400 2481 498 2547 etiem
522 2479 691 2562 segnitiem
710 2476 882 2544 hominum
905 2495 1000 2570 utque
1023 2478 1186 2545 inertiam.

183 2589 266 2656 Nam
298 2587 326 2652 si
354 2596 436 2651 esse't
462 2585 521 2650 ista
545 2583 688 2667 cognitio
720 2583 798 2648 iuris
824 2606 939 2668 magna
968 2607 1004 2648 ac
1034 2582 1186 2667 difficilis,
1271 2614 1278 2625 ’

183 2707 292 2756 temen
317 2688 461 2755 utilitatis
484 2682 672 2772 magnitudo
691 2678 824 2753 deberet
845 2687 994 2755 homines
1013 2688 1054 2754 etl
1081 2691 1186 2756 susci·
1253 2708 1275 2751 ·.

182 2792 342 2886 piendum
370 2789 516 2887 discendi
544 2791 691 2860 laborem
720 2791 904 2889 impellere.
955 2793 1054 2879 sed,
1090 2794 1186 2895 odii
1277 2879 1280 2884 Ι

184 2982 256 3029 cont.
274 2991 311 3024 an
329 2971 420 3024 tribus
437 2964 538 3029 lustris⁴
553 2973 672 3024 con'ditis
691 2971 761 3025 liber
778 2973 816 3024 sit
837 2969 925 3024 Mem.
945 2973 1025 3039 alter,
1050 2971 1110 3025 Pet.
1129 2990 1183 3042 pr„

146 3064 147 3069 ¹
184 3061 249 3107 sec„
270 3054 343 3109 tert,
362 3053 428 3108 oct,
447 3041 473 3096 U
491 3045 553 3109 (qui
571 3052 635 3095 ante
653 3061 692 3094 an
710 3043 788 3095 addit
806 3043 887 3109 iarn),
905 3042 1044 3094 Weiduri.
1061 3069 1099 3083 -
1110 3053 1185 3099 coest.

181 3134 220 3167 an
248 3113 297 3165 uti
321 3115 378 3164 iam
400 3121 444 3164 ter
467 3112 587 3165 lustrum
613 3114 759 3165 conditum.
778 3113 853 3164 liber
878 3113 916 3165 sir
942 3111 1129 3166 Mem..siter.
1146 3139 1185 3157 -

181 3182 376 3238 Memorabilis
397 3193 439 3235 est
465 3183 569 3234 tectio:
595 3200 691 3234 census
709 3183 769 3249 sit,
788 3184 815 3234 ei
835 3183 944 3233 nonsit
971 3185 1109 3235 conditum
1134 3184 1183 3234 lu.

181 3265 291 3318 strum,
307 3251 491 3314 sitne‘liber,
518 3267 602 3318 quam
622 3251 747 3320 praebent
764 3271 791 3318 a,
816 3269 841 3320 γ,
867 3247 963 3311 Guett.
983 3251 1016 3315 tt,
1034 3250 1063 3316 C,
1088 3250 1184 3308 Havn.

181 3329 274 3392 uterq.
294 3327 336 3389 (in
362 3337 452 3389 marg.
462 3320 494 3385 ,B
521 3334 586 3390 post
607 3323 726 3376 lustrum
745 3321 872 3375 additum
899 3331 941 3372 est
962 3322 1077 3385 tribus).
1134 3322 1183 3380 id..

182 3394 269 3456 lunt,
286 3393 372 3459 Mam,
385 3390 494 3459 steph,
505 3388 601 3446 Lamb.
618 3390 780 3460 -Reliqui
796 3390 880 3442 codd.
892 3401 921 3442 et
939 3390 1003 3445 edii.
1015 3396 1184 3457 antiquiss:
1284 3372 1288 3380 ¹

182 3482 279 3514 census
296 3466 343 3526 sit,
361 3464 386 3513 si
404 3480 457 3515 non
476 3461 542 3528 (sit)
561 3463 700 3517 conditum
719 3463 846 3522 lustrum,
874 3460 947 3511 sitne
966 3461 1036 3513 liber
1054 3463 1184 3513 continuo

182 3534 254 3595 (ne),
273 3551 310 3583 un
329 3533 418 3583 tribus
445 3533 543 3583 lustris
561 3533 680 3583 conditis
705 3531 789 3594 (liber
811 3531 874 3597 ait).
923 3524 993 3598 Quae
1018 3529 1200 3600 parenthesi„
1263 3570 1285 3583 ..

182 3599 394 3664 inclusimus,a
412 3601 561 3654 nonnuliis
579 3601 659 3653 libris
680 3600 793 3653 obsunt.

183 3712 185 3717 .
251 3672 336 3722 certis
361 3670 525 3742 quibusdam
542 3670 643 3736 verbis]
691 3667 779 3721 Gaius
807 3673 838 3721 in
857 3667 967 3734 Digest.
995 3666 1045 3721 lib.
1068 3669 1181 3721 XXIV·

182 3743 229 3791 tit.
249 3757 264 3791 2
284 3741 303 3790 l.
324 3756 356 3790 2:
377 3745 412 3792 In
433 3740 566 3809 repudiis,
584 3742 675 3804 idest,
688 3739 903 3799 renunciatione,
924 3741 1182 3805 comprobaturum

178 3810 242 3859 laces
259 3808 363 3861 verba:
383 3813 485 3863 TtsAs
501 3811 576 3862 RES
597 3812 683 3864 TIBI
699 3810 868 3869 HABETO,
888 3808 953 3857 item
971 3809 1047 3861 dccc:
1078 3811 1183 3861 'l'tJAs
1218 3852 1221 3859 .
1272 3856 1284 3873 „

180 3882 255 3939 RES
277 3880 362 3930 ΤΙΒΙ
378 3881 510 3947 AGH'O.
544 3879 676 3933 Ceterum
695 3881 969 3930 inconstructione:
995 3889 1026 3929 ut
1044 3880 1184 3948 paterfa.
1226 3914 1233 3922 .

161 3949 276 4010 „miliar
293 3976 328 3988 -
346 3958 429 4003 reatus
450 3959 520 4003 esset
540 3955 642 4005 vitium
663 3953 756 4005 inesse
780 3947 908 4010 videtum
940 3948 1021 4005 codd.
1040 3949 1115 4005 uihil
1135 3966 1182 4005 tu·

181 4024 265 4081 sieut.
626 4027 628 4031 ⁴
