<?xml version="1.0" encoding="UTF-8"?>
<!DOCTYPE html PUBLIC "-//W3C//DTD XHTML 1.0 Transitional//EN"
    "http://www.w3.org/TR/xhtml1/DTD/xhtml1-transitional.dtd">
<html xmlns="http://www.w3.org/1999/xhtml" xml:lang="en" lang="en">
 <head>
  <title>
</title>
<meta http-equiv="Content-Type" content="text/html;charset=utf-8" />
  <meta name='ocr-system' content='tesseract 3.04.00' />
  <meta name='ocr-capabilities' content='ocr_page ocr_carea ocr_par ocr_line ocrx_word'/>
</head>
<body>
  <div class='ocr_page' id='page_1' title='image "./mtulliiciceroni30cicegoog_0488.png"; bbox 0 0 2610 4410; ppageno 0'>
   <div class='ocr_carea' id='block_1_1' title="bbox 974 117 998 148">
    <p class='ocr_par' dir='ltr' id='par_1_1' title="bbox 974 117 998 148">
     <span class='ocr_line' id='line_1_1' title="bbox 974 117 998 148; baseline 0 0"><span class='ocrx_word' id='word_1_1' title='bbox 974 117 998 148; x_wconf 61' lang='lat' dir='ltr'><em>fl</em></span> 
     </span>
    </p>
   </div>
   <div class='ocr_carea' id='block_1_2' title="bbox 329 226 1141 391">
    <p class='ocr_par' dir='ltr' id='par_1_2' title="bbox 329 226 1141 391">
     <span class='ocr_line' id='line_1_2' title="bbox 329 226 1141 391; baseline -0.001 -47"><span class='ocrx_word' id='word_1_2' title='bbox 329 275 391 391; x_wconf 74' lang='lat' dir='ltr'><strong>uu</strong></span> <span class='ocrx_word' id='word_1_3' title='bbox 417 269 632 342; x_wconf 77' lang='lat' dir='ltr'><strong>outroau</strong></span> <span class='ocrx_word' id='word_1_4' title='bbox 656 269 738 352; x_wconf 74' lang='lat' dir='ltr'><strong>tta,</strong></span> <span class='ocrx_word' id='word_1_5' title='bbox 759 268 821 370; x_wconf 76' lang='lat'><strong>¹111.</strong></span> <span class='ocrx_word' id='word_1_6' title='bbox 840 226 1015 367; x_wconf 66' lang='lat' dir='ltr'><strong>rosso»</strong></span> <span class='ocrx_word' id='word_1_7' title='bbox 1076 265 1141 343; x_wconf 71' lang='lat' dir='ltr'><strong>tot</strong></span> 
     </span>
    </p>
   </div>
   <div class='ocr_carea' id='block_1_3' title="bbox 106 459 1143 559">
    <p class='ocr_par' dir='ltr' id='par_1_3' title="bbox 106 459 1143 559">
     <span class='ocr_line' id='line_1_3' title="bbox 106 459 1143 559; baseline -0.005 -17"><span class='ocrx_word' id='word_1_8' title='bbox 106 486 111 502; x_wconf 69' lang='lat'><em>¹</em></span> <span class='ocrx_word' id='word_1_9' title='bbox 147 471 226 543; x_wconf 82' lang='lat' dir='ltr'><strong>sorti</strong></span> <span class='ocrx_word' id='word_1_10' title='bbox 245 494 282 538; x_wconf 90' lang='lat' dir='ltr'><strong>ac</strong></span> <span class='ocrx_word' id='word_1_11' title='bbox 300 466 401 548; x_wconf 84' lang='lat' dir='ltr'><strong>virili,</strong></span> <span class='ocrx_word' id='word_1_12' title='bbox 442 493 512 536; x_wconf 90' lang='lat' dir='ltr'><strong>non</strong></span> <span class='ocrx_word' id='word_1_13' title='bbox 535 467 575 534; x_wconf 89' lang='lat' dir='ltr'><strong>ab</strong></span> <span class='ocrx_word' id='word_1_14' title='bbox 594 488 687 559; x_wconf 81' lang='lat' dir='ltr'><strong>scena</strong></span> <span class='ocrx_word' id='word_1_15' title='bbox 709 482 741 534; x_wconf 88' lang='lat' dir='ltr'><strong>ct</strong></span> <span class='ocrx_word' id='word_1_16' title='bbox 760 465 986 550; x_wconf 76' lang='lat' dir='ltr'><strong>histrionibus,</strong></span> <span class='ocrx_word' id='word_1_17' title='bbox 1021 466 1078 538; x_wconf 83' lang='lat' dir='ltr'><strong>sed</strong></span> <span class='ocrx_word' id='word_1_18' title='bbox 1103 459 1143 537; x_wconf 86' lang='lat' dir='ltr'><strong>ab</strong></span> 
     </span>
    </p>
   </div>
   <div class='ocr_carea' id='block_1_4' title="bbox 147 571 1276 881">
    <p class='ocr_par' dir='ltr' id='par_1_4' title="bbox 147 571 1276 881">
     <span class='ocr_line' id='line_1_4' title="bbox 148 571 1276 666; baseline -0.001 -22"><span class='ocrx_word' id='word_1_19' title='bbox 148 579 245 644; x_wconf 85' lang='lat' dir='ltr'><strong>armis</strong></span> <span class='ocrx_word' id='word_1_20' title='bbox 279 575 333 643; x_wconf 84' lang='lat' dir='ltr'><strong>aut</strong></span> <span class='ocrx_word' id='word_1_21' title='bbox 362 576 459 640; x_wconf 89' lang='lat' dir='ltr'><strong>ctiam</strong></span> <span class='ocrx_word' id='word_1_22' title='bbox 488 571 697 666; x_wconf 87' lang='lat' dir='ltr'><strong>apalaestra.</strong></span> <span class='ocrx_word' id='word_1_23' title='bbox 757 573 872 638; x_wconf 77' lang='lat' dir='ltr'><strong>Manus</strong></span> <span class='ocrx_word' id='word_1_24' title='bbox 901 591 1007 652; x_wconf 83' lang='lat' dir='ltr'><strong>autem</strong></span> <span class='ocrx_word' id='word_1_25' title='bbox 1036 577 1143 643; x_wconf 87' lang='lat' dir='ltr'><strong>minus</strong></span> <span class='ocrx_word' id='word_1_26' title='bbox 1186 589 1191 595; x_wconf 83' lang='lat'>&#39;</span> <span class='ocrx_word' id='word_1_27' title='bbox 1270 596 1276 616; x_wconf 84' lang='lat'><strong><em>¹</em></strong></span> 
     </span>
     <span class='ocr_line' id='line_1_5' title="bbox 147 674 1223 775; baseline -0.007 -25"><span class='ocrx_word' id='word_1_28' title='bbox 147 674 275 768; x_wconf 83' lang='lat' dir='ltr'><strong>arguta,</strong></span> <span class='ocrx_word' id='word_1_29' title='bbox 317 681 426 775; x_wconf 79' lang='lat' dir='ltr'><strong>digitis</strong></span> <span class='ocrx_word' id='word_1_30' title='bbox 439 681 651 770; x_wconf 79' lang='lat' dir='ltr'><strong>&#39;subsequens</strong></span> <span class='ocrx_word' id='word_1_31' title='bbox 682 674 819 760; x_wconf 70' lang='lat' dir='ltr'><strong>verba,</strong></span> <span class='ocrx_word' id='word_1_32' title='bbox 845 704 912 746; x_wconf 91' lang='lat' dir='ltr'><strong>non</strong></span> <span class='ocrx_word' id='word_1_33' title='bbox 940 683 1143 773; x_wconf 78' lang='lat' dir='ltr'><strong>exprimens3</strong></span> <span class='ocrx_word' id='word_1_34' title='bbox 1221 738 1223 742; x_wconf 84' lang='lat'>.</span> 
     </span>
     <span class='ocr_line' id='line_1_6' title="bbox 147 785 1229 881; baseline 0.002 -27"><span class='ocrx_word' id='word_1_35' title='bbox 147 786 318 854; x_wconf 81' lang='lat' dir='ltr'><strong>brachium</strong></span> <span class='ocrx_word' id='word_1_36' title='bbox 340 787 509 878; x_wconf 87' lang='lat' dir='ltr'><strong>procerius</strong></span> <span class='ocrx_word' id='word_1_37' title='bbox 530 789 724 877; x_wconf 83' lang='lat' dir='ltr'><strong>proiectum,</strong></span> <span class='ocrx_word' id='word_1_38' title='bbox 746 785 837 876; x_wconf 80' lang='lat' dir='ltr'><strong>quasi</strong></span> <span class='ocrx_word' id='word_1_39' title='bbox 856 785 1021 881; x_wconf 80' lang='lat' dir='ltr'><strong>quoddam</strong></span> <span class='ocrx_word' id='word_1_40' title='bbox 1041 786 1145 857; x_wconf 87' lang='lat' dir='ltr'><strong>tolum</strong></span> <span class='ocrx_word' id='word_1_41' title='bbox 1170 796 1173 801; x_wconf 88' lang='grc'><strong>’</strong></span> <span class='ocrx_word' id='word_1_42' title='bbox 1226 790 1229 795; x_wconf 80' lang='grc'><strong>’</strong></span> 
     </span>
    </p>
   </div>
   <div class='ocr_carea' id='block_1_5' title="bbox 138 889 1146 989">
    <p class='ocr_par' dir='ltr' id='par_1_5' title="bbox 138 889 1146 989">
     <span class='ocr_line' id='line_1_7' title="bbox 138 889 1146 989; baseline -0.008 -27"><span class='ocrx_word' id='word_1_43' title='bbox 138 894 339 972; x_wconf 32' lang='grc' dir='ltr'><strong>κονειῑίοιιίεςΧ</strong></span> <span class='ocrx_word' id='word_1_44' title='bbox 363 889 532 985; x_wconf 83' lang='lat' dir='ltr'><strong>supplosio</strong></span> <span class='ocrx_word' id='word_1_45' title='bbox 557 891 650 984; x_wconf 88' lang='lat' dir='ltr'><strong>pedis</strong></span> <span class='ocrx_word' id='word_1_46' title='bbox 674 893 709 956; x_wconf 90' lang='lat' dir='ltr'><strong>in</strong></span> <span class='ocrx_word' id='word_1_47' title='bbox 733 892 993 989; x_wconf 55' lang='lat' dir='ltr'><strong>contentionibus</strong></span> <span class='ocrx_word' id='word_1_48' title='bbox 1016 897 1146 961; x_wconf 76' lang='lat' dir='ltr'><strong>autin..</strong></span> 
     </span>
    </p>
   </div>
   <div class='ocr_carea' id='block_1_6' title="bbox 151 994 1241 1091">
    <p class='ocr_par' dir='ltr' id='par_1_6' title="bbox 151 994 1241 1091">
     <span class='ocr_line' id='line_1_8' title="bbox 151 994 1241 1091; baseline 0.001 -26"><span class='ocrx_word' id='word_1_49' title='bbox 151 997 383 1091; x_wconf 85' lang='lat' dir='ltr'><strong>cipicudis.aut</strong></span> <span class='ocrx_word' id='word_1_50' title='bbox 405 995 568 1063; x_wconf 84' lang='lat' dir='ltr'><strong>finiendis.</strong></span> <span class='ocrx_word' id='word_1_51' title='bbox 607 1011 681 1072; x_wconf 78' lang='lat'><strong>221·</strong></span> <span class='ocrx_word' id='word_1_52' title='bbox 715 994 838 1066; x_wconf 80' lang='lat' dir='ltr'><strong>Sed&#39;in</strong></span> <span class='ocrx_word' id='word_1_53' title='bbox 858 1020 916 1063; x_wconf 87' lang='lat' dir='ltr'><strong>ore</strong></span> <span class='ocrx_word' id='word_1_54' title='bbox 935 1016 1008 1065; x_wconf 84' lang='lat' dir='ltr'><strong>sunt</strong></span> <span class='ocrx_word' id='word_1_55' title='bbox 1025 1000 1149 1071; x_wconf 56' lang='lat' dir='ltr'><strong>omnia,</strong></span> <span class='ocrx_word' id='word_1_56' title='bbox 1238 1051 1241 1056; x_wconf 84' lang='lat'><em>-</em></span> 
     </span>
    </p>
   </div>
   <div class='ocr_carea' id='block_1_7' title="bbox 150 1100 1148 1303">
    <p class='ocr_par' dir='ltr' id='par_1_7' title="bbox 150 1100 1148 1303">
     <span class='ocr_line' id='line_1_9' title="bbox 150 1100 1147 1194; baseline 0.003 -24"><span class='ocrx_word' id='word_1_57' title='bbox 150 1104 190 1170; x_wconf 90' lang='lat' dir='ltr'><strong>In</strong></span> <span class='ocrx_word' id='word_1_58' title='bbox 221 1128 261 1170; x_wconf 89' lang='lat' dir='ltr'><strong>eo</strong></span> <span class='ocrx_word' id='word_1_59' title='bbox 294 1122 408 1181; x_wconf 69' lang='lat' dir='ltr'><strong>autem,</strong></span> <span class='ocrx_word' id='word_1_60' title='bbox 428 1104 501 1194; x_wconf 83' lang='lat' dir='ltr'><strong>ips&#39;o</strong></span> <span class='ocrx_word' id='word_1_61' title='bbox 532 1100 714 1168; x_wconf 81' lang='lat' dir='ltr'><strong>dominatus</strong></span> <span class='ocrx_word' id='word_1_62' title='bbox 746 1120 793 1167; x_wconf 91' lang='lat' dir='ltr'><strong>est</strong></span> <span class='ocrx_word' id='word_1_63' title='bbox 824 1105 929 1168; x_wconf 90' lang='lat' dir='ltr'><strong>omnis</strong></span> <span class='ocrx_word' id='word_1_64' title='bbox 954 1102 1147 1192; x_wconf 65' lang='lat' dir='ltr'><strong>oculorum</strong></span> 
     </span>
     <span class='ocr_line' id='line_1_10' title="bbox 150 1205 1148 1303; baseline 0.002 -25"><span class='ocrx_word' id='word_1_65' title='bbox 150 1234 218 1303; x_wconf 91' lang='lat' dir='ltr'><strong>quo</strong></span> <span class='ocrx_word' id='word_1_66' title='bbox 239 1207 355 1276; x_wconf 86' lang='lat' dir='ltr'><strong>melius</strong></span> <span class='ocrx_word' id='word_1_67' title='bbox 377 1210 481 1276; x_wconf 79' lang='lat' dir='ltr'><strong>riostri</strong></span> <span class='ocrx_word' id='word_1_68' title='bbox 505 1205 557 1273; x_wconf 90' lang='lat' dir='ltr'><strong>illi</strong></span> <span class='ocrx_word' id='word_1_69' title='bbox 578 1231 681 1291; x_wconf 87' lang='lat' dir='ltr'><strong>senes,</strong></span> <span class='ocrx_word' id='word_1_70' title='bbox 705 1209 761 1298; x_wconf 90' lang='lat' dir='ltr'><strong>qui</strong></span> <span class='ocrx_word' id='word_1_71' title='bbox 784 1225 991 1298; x_wconf 83' lang='lat' dir='ltr'><strong>personatum</strong></span> <span class='ocrx_word' id='word_1_72' title='bbox 1013 1235 1055 1276; x_wconf 92' lang='lat' dir='ltr'><strong>ne</strong></span> <span class='ocrx_word' id='word_1_73' title='bbox 1075 1213 1148 1280; x_wconf 84' lang='lat' dir='ltr'><strong>Ro-</strong></span> 
     </span>
    </p>
   </div>
   <div class='ocr_carea' id='block_1_8' title="bbox 150 1304 1185 1411">
    <p class='ocr_par' dir='ltr' id='par_1_8' title="bbox 150 1304 1185 1411">
     <span class='ocr_line' id='line_1_11' title="bbox 150 1304 1185 1411; baseline 0.004 -29"><span class='ocrx_word' id='word_1_74' title='bbox 150 1318 254 1383; x_wconf 89' lang='lat' dir='ltr'><strong>scium</strong></span> <span class='ocrx_word' id='word_1_75' title='bbox 284 1313 418 1407; x_wconf 89' lang='lat' dir='ltr'><strong>quidem</strong></span> <span class='ocrx_word' id='word_1_76' title='bbox 444 1304 561 1398; x_wconf 81' lang='lat' dir='ltr'><strong>magno</strong></span> <span class='ocrx_word' id='word_1_77' title='bbox 589 1337 689 1405; x_wconf 87' lang='lat' dir='ltr'><strong>opere</strong></span> <span class='ocrx_word' id='word_1_78' title='bbox 718 1310 898 1387; x_wconf 82' lang='lat' dir='ltr'><strong>laudabant.</strong></span> <span class='ocrx_word' id='word_1_79' title='bbox 955 1313 1075 1411; x_wconf 86' lang='lat' dir='ltr'><strong>¹Animi</strong></span> <span class='ocrx_word' id='word_1_80' title='bbox 1101 1334 1150 1386; x_wconf 83' lang='lat' dir='ltr'><strong>e&#39;st</strong></span> <span class='ocrx_word' id='word_1_81' title='bbox 1184 1401 1185 1405; x_wconf 7' lang='grc' dir='ltr'><strong>Ἰ</strong></span> 
     </span>
    </p>
   </div>
   <div class='ocr_carea' id='block_1_9' title="bbox 149 1416 1152 1714">
    <p class='ocr_par' dir='ltr' id='par_1_9' title="bbox 149 1416 1152 1714">
     <span class='ocr_line' id='line_1_12' title="bbox 149 1416 1149 1505; baseline 0.002 -18"><span class='ocrx_word' id='word_1_82' title='bbox 149 1424 239 1487; x_wconf 90' lang='lat' dir='ltr'><strong>cuim</strong></span> <span class='ocrx_word' id='word_1_83' title='bbox 262 1422 367 1488; x_wconf 87' lang='lat' dir='ltr'><strong>omnis</strong></span> <span class='ocrx_word' id='word_1_84' title='bbox 391 1422 485 1503; x_wconf 86' lang='lat' dir='ltr'><strong>actio,</strong></span> <span class='ocrx_word' id='word_1_85' title='bbox 507 1436 549 1488; x_wconf 71' lang='lat' dir='ltr'><strong>ct</strong></span> <span class='ocrx_word' id='word_1_86' title='bbox 572 1420 678 1502; x_wconf 82' lang='lat' dir='ltr'><strong>imago</strong></span> <span class='ocrx_word' id='word_1_87' title='bbox 700 1419 799 1483; x_wconf 87' lang='lat' dir='ltr'><strong>animi</strong></span> <span class='ocrx_word' id='word_1_88' title='bbox 821 1416 926 1485; x_wconf 88' lang='lat' dir='ltr'><strong>vultus</strong></span> <span class='ocrx_word' id='word_1_89' title='bbox 945 1439 1003 1505; x_wconf 85' lang='lat' dir='ltr'><strong>cst,</strong></span> <span class='ocrx_word' id='word_1_90' title='bbox 1026 1420 1149 1489; x_wconf 87' lang='lat' dir='ltr'><strong>indices</strong></span> 
     </span>
     <span class='ocr_line' id='line_1_13' title="bbox 151 1524 1152 1619; baseline -0.006 -24"><span class='ocrx_word' id='word_1_91' title='bbox 151 1526 249 1595; x_wconf 89' lang='lat' dir='ltr'><strong>oculi.</strong></span> <span class='ocrx_word' id='word_1_92' title='bbox 296 1529 378 1595; x_wconf 88' lang='lat' dir='ltr'><strong>Nam</strong></span> <span class='ocrx_word' id='word_1_93' title='bbox 399 1524 479 1590; x_wconf 85' lang='lat' dir='ltr'><strong>hacc</strong></span> <span class='ocrx_word' id='word_1_94' title='bbox 505 1540 553 1590; x_wconf 90' lang='lat' dir='ltr'><strong>est</strong></span> <span class='ocrx_word' id='word_1_95' title='bbox 575 1524 735 1615; x_wconf 83' lang='lat' dir='ltr'><strong>unapars</strong></span> <span class='ocrx_word' id='word_1_96' title='bbox 757 1526 917 1616; x_wconf 87' lang='lat' dir='ltr'><strong>corporis,</strong></span> <span class='ocrx_word' id='word_1_97' title='bbox 948 1544 1053 1616; x_wconf 80' lang='lat' dir='ltr'><strong>quae,</strong></span> <span class='ocrx_word' id='word_1_98' title='bbox 1069 1546 1152 1619; x_wconf 29' lang='lat' dir='ltr'><strong>quot·</strong></span> 
     </span>
     <span class='ocr_line' id='line_1_14' title="bbox 150 1628 1150 1714; baseline 0.002 -14"><span class='ocrx_word' id='word_1_99' title='bbox 150 1635 251 1700; x_wconf 85' lang='lat' dir='ltr'><strong>animi</strong></span> <span class='ocrx_word' id='word_1_100' title='bbox 272 1650 378 1698; x_wconf 92' lang='lat' dir='ltr'><strong>motus</strong></span> <span class='ocrx_word' id='word_1_101' title='bbox 402 1647 486 1712; x_wconf 89' lang='lat' dir='ltr'><strong>sunt,</strong></span> <span class='ocrx_word' id='word_1_102' title='bbox 524 1647 573 1696; x_wconf 91' lang='lat' dir='ltr'><strong>tot</strong></span> <span class='ocrx_word' id='word_1_103' title='bbox 596 1628 847 1714; x_wconf 86' lang='lat' dir='ltr'><strong>significationes</strong></span> <span class='ocrx_word' id='word_1_104' title='bbox 868 1648 899 1696; x_wconf 87' lang='lat' dir='ltr'><strong>et</strong></span> <span class='ocrx_word' id='word_1_105' title='bbox 920 1636 1150 1702; x_wconf 87' lang='lat' dir='ltr'><strong>commutatio-</strong></span> 
     </span>
    </p>
   </div>
   <div class='ocr_carea' id='block_1_10' title="bbox 151 1724 1185 1833">
    <p class='ocr_par' dir='ltr' id='par_1_10' title="bbox 151 1724 1185 1833">
     <span class='ocr_line' id='line_1_15' title="bbox 151 1724 1185 1833; baseline 0.015 -39"><span class='ocrx_word' id='word_1_106' title='bbox 151 1764 209 1808; x_wconf 71' lang='lat' dir='ltr'><strong>nes</strong></span> <span class='ocrx_word' id='word_1_107' title='bbox 229 1740 341 1832; x_wconf 51' lang='lat' dir='ltr'><strong>possit⁸</strong></span> <span class='ocrx_word' id='word_1_108' title='bbox 353 1736 490 1804; x_wconf 79' lang='lat' dir='ltr'><strong>efficere.</strong></span> <span class='ocrx_word' id='word_1_109' title='bbox 556 1724 778 1826; x_wconf 16' lang='lat' dir='ltr'><strong>Neque-vero&#39;</strong></span> <span class='ocrx_word' id='word_1_110' title='bbox 797 1736 847 1802; x_wconf 84' lang='lat' dir='ltr'><strong>cst</strong></span> <span class='ocrx_word' id='word_1_111' title='bbox 866 1732 1047 1827; x_wconf 76' lang='lat' dir='ltr'><strong>quisquam,</strong></span> <span class='ocrx_word' id='word_1_112' title='bbox 1091 1742 1156 1833; x_wconf 58' lang='lat' dir='ltr'><strong>qui⁸</strong></span> <span class='ocrx_word' id='word_1_113' title='bbox 1182 1808 1185 1817; x_wconf 81' lang='grc'><strong>,</strong></span> 
     </span>
    </p>
   </div>
   <div class='ocr_carea' id='block_1_11' title="bbox 146 1833 1151 2042">
    <p class='ocr_par' dir='ltr' id='par_1_11' title="bbox 146 1833 1151 2042">
     <span class='ocr_line' id='line_1_16' title="bbox 146 1833 1149 1934; baseline -0.013 -21"><span class='ocrx_word' id='word_1_114' title='bbox 146 1845 266 1913; x_wconf 81' lang='lat' dir='ltr'><strong>cadem</strong></span> <span class='ocrx_word' id='word_1_115' title='bbox 285 1845 460 1910; x_wconf 88' lang='lat' dir='ltr'><strong>connivens</strong></span> <span class='ocrx_word' id='word_1_116' title='bbox 479 1840 608 1913; x_wconf 87' lang='lat' dir='ltr'><strong>efficiat.</strong></span> <span class='ocrx_word' id='word_1_117' title='bbox 649 1833 902 1931; x_wconf 58' lang='lat' dir='ltr'><strong>Theophrastus</strong></span> <span class='ocrx_word' id='word_1_118' title='bbox 911 1843 1045 1934; x_wconf 88' lang='lat' dir='ltr'><strong>quidem</strong></span> <span class='ocrx_word' id='word_1_119' title='bbox 1057 1851 1149 1913; x_wconf 86' lang='lat' dir='ltr'><strong>Tau.</strong></span> 
     </span>
     <span class='ocr_line' id='line_1_17' title="bbox 153 1944 1151 2042; baseline 0 -24"><span class='ocrx_word' id='word_1_120' title='bbox 153 1954 276 2018; x_wconf 88' lang='lat' dir='ltr'><strong>riscum</strong></span> <span class='ocrx_word' id='word_1_121' title='bbox 303 1948 465 2042; x_wconf 80' lang='lat' dir='ltr'><strong>quendam</strong></span> <span class='ocrx_word' id='word_1_122' title='bbox 494 1946 575 2013; x_wconf 84' lang='lat' dir='ltr'><strong>dixit</strong></span> <span class='ocrx_word' id='word_1_123' title='bbox 598 1962 741 2012; x_wconf 83' lang='lat' dir='ltr'><strong>actorem</strong></span> <span class='ocrx_word' id='word_1_124' title='bbox 764 1944 912 2039; x_wconf 66' lang='lat' dir='ltr'><strong>auersum</strong></span> <span class='ocrx_word' id='word_1_125' title='bbox 928 1947 1060 2017; x_wconf 85' lang='lat' dir='ltr'><strong>solitum</strong></span> <span class='ocrx_word' id='word_1_126' title='bbox 1081 1976 1151 2019; x_wconf 90' lang='lat' dir='ltr'><strong>esse</strong></span> 
     </span>
    </p>
   </div>
   <div class='ocr_carea' id='block_1_12' title="bbox 153 2072 291 2092">
    <p class='ocr_par' dir='ltr' id='par_1_12' title="bbox 153 2072 291 2092">
     <span class='ocr_line' id='line_1_18' title="bbox 153 2072 291 2092; baseline -0.014 0"><span class='ocrx_word' id='word_1_127' title='bbox 153 2072 291 2092; x_wconf 58' lang='grc' dir='ltr'><strong>’.ιὰ-</strong></span> 
     </span>
    </p>
   </div>
   <div class='ocr_carea' id='block_1_13' title="bbox 154 2136 1226 2239">
    <p class='ocr_par' dir='ltr' id='par_1_13' title="bbox 154 2136 1226 2239">
     <span class='ocr_line' id='line_1_19' title="bbox 154 2136 1226 2210; baseline 0 -18"><span class='ocrx_word' id='word_1_128' title='bbox 154 2144 242 2193; x_wconf 84' lang='lat' dir='ltr'><strong>tensil</strong></span> <span class='ocrx_word' id='word_1_129' title='bbox 261 2156 360 2191; x_wconf 82' lang='lat' dir='ltr'><strong>munus</strong></span> <span class='ocrx_word' id='word_1_130' title='bbox 384 2137 459 2190; x_wconf 84' lang='lat' dir='ltr'><strong>inter</strong></span> <span class='ocrx_word' id='word_1_131' title='bbox 484 2136 623 2207; x_wconf 83' lang='lat' dir='ltr'><strong>agendum</strong></span> <span class='ocrx_word' id='word_1_132' title='bbox 647 2146 761 2209; x_wconf 79' lang='lat' dir='ltr'><strong>argutoe</strong></span> <span class='ocrx_word' id='word_1_133' title='bbox 782 2137 927 2189; x_wconf 78' lang='lat' dir='ltr'><strong>admodum</strong></span> <span class='ocrx_word' id='word_1_134' title='bbox 950 2145 980 2190; x_wconf 85' lang='lat' dir='ltr'><strong>et</strong></span> <span class='ocrx_word' id='word_1_135' title='bbox 997 2147 1153 2210; x_wconf 65' lang='lat' dir='ltr'><strong>gestuum</strong></span> <span class='ocrx_word' id='word_1_136' title='bbox 1221 2144 1226 2192; x_wconf 74' lang='grc' dir='ltr'>ζ</span> 
     </span>
     <span class='ocr_line' id='line_1_20' title="bbox 783 2211 792 2239; baseline 0 0"><span class='ocrx_word' id='word_1_137' title='bbox 783 2211 792 2239; x_wconf 65' lang='lat' dir='ltr'><strong>i</strong></span> 
     </span>
    </p>
   </div>
   <div class='ocr_carea' id='block_1_14' title="bbox 110 2207 1153 2622">
    <p class='ocr_par' dir='ltr' id='par_1_14' title="bbox 110 2207 860 2272">
     <span class='ocr_line' id='line_1_21' title="bbox 110 2207 860 2272; baseline -0.007 -10"><span class='ocrx_word' id='word_1_138' title='bbox 110 2266 115 2272; x_wconf 58' lang='grc'><em>,</em></span> <span class='ocrx_word' id='word_1_139' title='bbox 154 2207 327 2262; x_wconf 63' lang='lat' dir='ltr'><strong>Ero-Leto·</strong></span> <span class='ocrx_word' id='word_1_140' title='bbox 349 2244 358 2262; x_wconf 84' lang='lat'><strong>.</strong></span> <span class='ocrx_word' id='word_1_141' title='bbox 378 2207 409 2256; x_wconf 77' lang='lat'><strong>51</strong></span> <span class='ocrx_word' id='word_1_142' title='bbox 430 2218 472 2272; x_wconf 87' lang='lat' dir='ltr'><strong>sq.</strong></span> <span class='ocrx_word' id='word_1_143' title='bbox 857 2264 860 2271; x_wconf 36' lang='lat'><strong><em>¹</em></strong></span> 
     </span>
    </p>

    <p class='ocr_par' dir='ltr' id='par_1_15' title="bbox 138 2225 1153 2622">
     <span class='ocr_line' id='line_1_22' title="bbox 227 2225 1153 2347; baseline 0.002 -18"><span class='ocrx_word' id='word_1_144' title='bbox 227 2277 252 2343; x_wconf 59' lang='grc' dir='ltr'><strong>ᾗ.</strong></span> <span class='ocrx_word' id='word_1_145' title='bbox 270 2225 347 2326; x_wconf 73' lang='lat' dir='ltr'><strong>camp</strong></span> <span class='ocrx_word' id='word_1_146' title='bbox 366 2276 413 2343; x_wconf 83' lang='lat' dir='ltr'><strong>qui</strong></span> <span class='ocrx_word' id='word_1_147' title='bbox 427 2284 607 2342; x_wconf 81' lang='lat' dir='ltr'><strong>personatum</strong></span> <span class='ocrx_word' id='word_1_148' title='bbox 633 2292 666 2327; x_wconf 81' lang='lat' dir='ltr'><strong>ne</strong></span> <span class='ocrx_word' id='word_1_149' title='bbox 690 2277 823 2329; x_wconf 80' lang='lat' dir='ltr'><strong>Roscium</strong></span> <span class='ocrx_word' id='word_1_150' title='bbox 850 2275 969 2347; x_wconf 84' lang='lat' dir='ltr'><strong>quidem]</strong></span> <span class='ocrx_word' id='word_1_151' title='bbox 1015 2276 1077 2329; x_wconf 84' lang='lat' dir='ltr'><strong>”Ex</strong></span> <span class='ocrx_word' id='word_1_152' title='bbox 1094 2276 1153 2331; x_wconf 90' lang='lat' dir='ltr'><strong>hoo</strong></span> 
     </span>
     <span class='ocr_line' id='line_1_23' title="bbox 138 2345 1153 2411; baseline 0.002 -13"><span class='ocrx_word' id='word_1_153' title='bbox 138 2347 220 2401; x_wconf 79' lang='lat' dir='ltr'><strong>loco</strong></span> <span class='ocrx_word' id='word_1_154' title='bbox 247 2345 408 2411; x_wconf 84' lang='lat' dir='ltr'><strong>colligitur,</strong></span> <span class='ocrx_word' id='word_1_155' title='bbox 440 2357 628 2411; x_wconf 82' lang='lat' dir='ltr'><strong>personarum</strong></span> <span class='ocrx_word' id='word_1_156' title='bbox 655 2362 738 2400; x_wconf 85' lang='lat' dir='ltr'><strong>usum</strong></span> <span class='ocrx_word' id='word_1_157' title='bbox 762 2352 794 2399; x_wconf 86' lang='lat' dir='ltr'><strong>iu</strong></span> <span class='ocrx_word' id='word_1_158' title='bbox 816 2363 900 2399; x_wconf 82' lang='lat' dir='ltr'><strong>scena</strong></span> <span class='ocrx_word' id='word_1_159' title='bbox 924 2345 1015 2399; x_wconf 80' lang='lat' dir='ltr'><strong>Crassi</strong></span> <span class='ocrx_word' id='word_1_160' title='bbox 1038 2347 1153 2404; x_wconf 86' lang='lat' dir='ltr'><strong>demum</strong></span> 
     </span>
     <span class='ocr_line' id='line_1_24' title="bbox 156 2413 1153 2483; baseline 0.002 -15"><span class='ocrx_word' id='word_1_161' title='bbox 156 2426 285 2482; x_wconf 86' lang='lat' dir='ltr'><strong>tempore</strong></span> <span class='ocrx_word' id='word_1_162' title='bbox 304 2413 469 2474; x_wconf 84' lang='lat' dir='ltr'><strong>invaluisse,</strong></span> <span class='ocrx_word' id='word_1_163' title='bbox 495 2425 524 2465; x_wconf 94' lang='lat' dir='ltr'><strong>et</strong></span> <span class='ocrx_word' id='word_1_164' title='bbox 541 2413 677 2467; x_wconf 83' lang='lat' dir='ltr'><strong>Roscium</strong></span> <span class='ocrx_word' id='word_1_165' title='bbox 695 2415 998 2483; x_wconf 81' lang='lat' dir='ltr'><strong>nonnunquam‘lmud</strong></span> <span class='ocrx_word' id='word_1_166' title='bbox 1018 2433 1153 2482; x_wconf 85' lang='lat' dir='ltr'><strong>persona-</strong></span> 
     </span>
     <span class='ocr_line' id='line_1_25' title="bbox 155 2482 1153 2554; baseline 0.004 -16"><span class='ocrx_word' id='word_1_167' title='bbox 155 2496 217 2539; x_wconf 85' lang='lat' dir='ltr'><strong>tum</strong></span> <span class='ocrx_word' id='word_1_168' title='bbox 229 2487 330 2552; x_wconf 85' lang='lat' dir='ltr'><strong>egisse,</strong></span> <span class='ocrx_word' id='word_1_169' title='bbox 343 2486 382 2534; x_wconf 81' lang='lat' dir='ltr'><strong>ita</strong></span> <span class='ocrx_word' id='word_1_170' title='bbox 400 2491 432 2533; x_wconf 88' lang='lat' dir='ltr'><strong>ut</strong></span> <span class='ocrx_word' id='word_1_171' title='bbox 446 2498 543 2536; x_wconf 88' lang='lat' dir='ltr'><strong>omues</strong></span> <span class='ocrx_word' id='word_1_172' title='bbox 556 2489 614 2536; x_wconf 85' lang='lat' dir='ltr'><strong>oris</strong></span> <span class='ocrx_word' id='word_1_173' title='bbox 634 2482 732 2536; x_wconf 75' lang='lat' dir='ltr'><strong>rullus</strong></span> <span class='ocrx_word' id='word_1_174' title='bbox 741 2486 1000 2554; x_wconf 85' lang='lat' dir='ltr'><strong>conspicerentur.&#39;’</strong></span> <span class='ocrx_word' id='word_1_175' title='bbox 1009 2483 1153 2542; x_wconf 67' lang='lat' dir='ltr'><strong>Schuetz.</strong></span> 
     </span>
     <span class='ocr_line' id='line_1_26' title="bbox 154 2552 695 2622; baseline -0.002 -15"><span class='ocrx_word' id='word_1_176' title='bbox 154 2582 192 2597; x_wconf 92' lang='lat'><strong>-·</strong></span> <span class='ocrx_word' id='word_1_177' title='bbox 209 2554 252 2607; x_wconf 86' lang='lat' dir='ltr'><strong>De</strong></span> <span class='ocrx_word' id='word_1_178' title='bbox 273 2553 372 2604; x_wconf 80' lang='lat' dir='ltr'><strong>Roscio</strong></span> <span class='ocrx_word' id='word_1_179' title='bbox 391 2552 456 2603; x_wconf 82' lang='lat' dir='ltr'><strong>vide</strong></span> <span class='ocrx_word' id='word_1_180' title='bbox 476 2553 510 2605; x_wconf 83' lang='lat' dir='ltr'><strong>ad</strong></span> <span class='ocrx_word' id='word_1_181' title='bbox 529 2554 551 2605; x_wconf 86' lang='lat'><strong>1.</strong></span> <span class='ocrx_word' id='word_1_182' title='bbox 570 2571 612 2622; x_wconf 87' lang='lat'><strong>27.</strong></span> <span class='ocrx_word' id='word_1_183' title='bbox 636 2555 695 2606; x_wconf 77' lang='lat'><strong>124.</strong></span> 
     </span>
    </p>
   </div>
   <div class='ocr_carea' id='block_1_15' title="bbox 202 2618 1255 2693">
    <p class='ocr_par' dir='ltr' id='par_1_16' title="bbox 202 2618 1255 2693">
     <span class='ocr_line' id='line_1_27' title="bbox 202 2618 1255 2693; baseline 0.004 -18"><span class='ocrx_word' id='word_1_184' title='bbox 202 2625 320 2676; x_wconf 68' lang='lat' dir='ltr'><strong>,eadem</strong></span> <span class='ocrx_word' id='word_1_185' title='bbox 345 2623 490 2674; x_wconf 79' lang='lat' dir='ltr'><strong>connivens</strong></span> <span class='ocrx_word' id='word_1_186' title='bbox 515 2618 632 2692; x_wconf 83' lang='lat' dir='ltr'><strong>efficiat]</strong></span> <span class='ocrx_word' id='word_1_187' title='bbox 670 2621 718 2675; x_wconf 78' lang='lat' dir='ltr'><strong>ste</strong></span> <span class='ocrx_word' id='word_1_188' title='bbox 752 2625 909 2689; x_wconf 82' lang='lat' dir='ltr'><strong>(conivens)</strong></span> <span class='ocrx_word' id='word_1_189' title='bbox 936 2622 1016 2676; x_wconf 85' lang='lat' dir='ltr'><strong>codd.</strong></span> <span class='ocrx_word' id='word_1_190' title='bbox 1043 2625 1155 2693; x_wconf 80' lang='lat' dir='ltr'><strong>aliquot</strong></span> <span class='ocrx_word' id='word_1_191' title='bbox 1248 2672 1255 2683; x_wconf 82' lang='grc'><strong><em>,</em></strong></span> 
     </span>
    </p>
   </div>
   <div class='ocr_carea' id='block_1_16' title="bbox 155 2691 1154 2760">
    <p class='ocr_par' dir='ltr' id='par_1_17' title="bbox 155 2691 1154 2760">
     <span class='ocr_line' id='line_1_28' title="bbox 155 2691 1154 2760; baseline -0.001 -14"><span class='ocrx_word' id='word_1_192' title='bbox 155 2691 282 2754; x_wconf 89' lang='lat' dir='ltr'><strong>Gruteri,</strong></span> <span class='ocrx_word' id='word_1_193' title='bbox 301 2692 334 2754; x_wconf 91' lang='lat' dir='ltr'><strong>Z,</strong></span> <span class='ocrx_word' id='word_1_194' title='bbox 353 2704 381 2743; x_wconf 88' lang='lat' dir='ltr'><strong>et</strong></span> <span class='ocrx_word' id='word_1_195' title='bbox 401 2696 442 2743; x_wconf 87' lang='lat' dir='ltr'><strong>sic</strong></span> <span class='ocrx_word' id='word_1_196' title='bbox 462 2708 478 2742; x_wconf 87' lang='lat' dir='ltr'><strong>e</strong></span> <span class='ocrx_word' id='word_1_197' title='bbox 500 2691 650 2745; x_wconf 87' lang='lat' dir='ltr'><strong>Gulielmii</strong></span> <span class='ocrx_word' id='word_1_198' title='bbox 675 2697 751 2747; x_wconf 82' lang='lat' dir='ltr'><strong>coni.</strong></span> <span class='ocrx_word' id='word_1_199' title='bbox 769 2693 860 2760; x_wconf 64' lang='lat' dir='ltr'><strong>edidit</strong></span> <span class='ocrx_word' id='word_1_200' title='bbox 877 2693 944 2748; x_wconf 85' lang='lat' dir='ltr'><strong>Sclr.</strong></span> <span class='ocrx_word' id='word_1_201' title='bbox 970 2700 1002 2746; x_wconf 87' lang='lat' dir='ltr'><strong>iu</strong></span> <span class='ocrx_word' id='word_1_202' title='bbox 1020 2693 1064 2746; x_wconf 87' lang='lat' dir='ltr'><strong>ed.</strong></span> <span class='ocrx_word' id='word_1_203' title='bbox 1083 2700 1154 2753; x_wconf 75' lang='lat' dir='ltr'><strong>mim</strong></span> 
     </span>
    </p>
   </div>
   <div class='ocr_carea' id='block_1_17' title="bbox 1138 114 1267 163">
    <p class='ocr_par' dir='ltr' id='par_1_18' title="bbox 1138 114 1267 163">
     <span class='ocr_line' id='line_1_29' title="bbox 1138 114 1267 163; baseline 0.008 -11"><span class='ocrx_word' id='word_1_204' title='bbox 1138 146 1142 152; x_wconf 79' lang='grc'>,</span> <span class='ocrx_word' id='word_1_205' title='bbox 1178 114 1216 163; x_wconf 54' lang='lat' dir='ltr'><strong>fr·</strong></span> <span class='ocrx_word' id='word_1_206' title='bbox 1263 146 1267 153; x_wconf 85' lang='lat'><em>.</em></span> 
     </span>
    </p>
   </div>
   <div class='ocr_carea' id='block_1_18' title="bbox 155 2759 1212 2901">
    <p class='ocr_par' dir='ltr' id='par_1_19' title="bbox 155 2759 1212 2901">
     <span class='ocr_line' id='line_1_30' title="bbox 155 2759 1202 2830; baseline 0.002 -15"><span class='ocrx_word' id='word_1_207' title='bbox 155 2761 345 2829; x_wconf 77' lang='lat' dir='ltr'><strong>Aptissimum</strong></span> <span class='ocrx_word' id='word_1_208' title='bbox 364 2759 419 2810; x_wconf 91' lang='lat' dir='ltr'><strong>hoc</strong></span> <span class='ocrx_word' id='word_1_209' title='bbox 438 2759 557 2812; x_wconf 78' lang='lat' dir='ltr'><strong>verbum</strong></span> <span class='ocrx_word' id='word_1_210' title='bbox 579 2761 709 2813; x_wconf 82' lang='lat' dir='ltr'><strong>absolute</strong></span> <span class='ocrx_word' id='word_1_211' title='bbox 729 2768 854 2830; x_wconf 85' lang='lat' dir='ltr'><strong>positum</strong></span> <span class='ocrx_word' id='word_1_212' title='bbox 872 2767 959 2816; x_wconf 75' lang='lat' dir='ltr'><strong>uariis</strong></span> <span class='ocrx_word' id='word_1_213' title='bbox 977 2765 1096 2817; x_wconf 88' lang='lat' dir='ltr'><strong>modisa</strong></span> <span class='ocrx_word' id='word_1_214' title='bbox 1114 2766 1155 2817; x_wconf 93' lang='lat' dir='ltr'><strong>li-</strong></span> <span class='ocrx_word' id='word_1_215' title='bbox 1199 2760 1202 2764; x_wconf 72' lang='grc'><strong>’</strong></span> 
     </span>
     <span class='ocr_line' id='line_1_31' title="bbox 155 2827 1212 2901; baseline 0.008 -18"><span class='ocrx_word' id='word_1_216' title='bbox 155 2827 260 2883; x_wconf 81' lang='lat' dir='ltr'><strong>brariis</strong></span> <span class='ocrx_word' id='word_1_217' title='bbox 279 2827 462 2895; x_wconf 69' lang='lat' dir='ltr'><strong>depravatum</strong></span> <span class='ocrx_word' id='word_1_218' title='bbox 482 2840 538 2879; x_wconf 85' lang='lat' dir='ltr'><strong>est:</strong></span> <span class='ocrx_word' id='word_1_219' title='bbox 557 2833 652 2881; x_wconf 86' lang='lat' dir='ltr'><strong>eadem</strong></span> <span class='ocrx_word' id='word_1_220' title='bbox 671 2835 830 2884; x_wconf 82' lang='lat' dir='ltr'><strong>conveniens</strong></span> <span class='ocrx_word' id='word_1_221' title='bbox 848 2834 897 2901; x_wconf 85' lang='lat' dir='ltr'><strong>eff.</strong></span> <span class='ocrx_word' id='word_1_222' title='bbox 915 2835 1048 2886; x_wconf 83' lang='lat' dir='ltr'><strong>nonnulli</strong></span> <span class='ocrx_word' id='word_1_223' title='bbox 1068 2833 1151 2890; x_wconf 84' lang='lat' dir='ltr'><strong>Grut.</strong></span> <span class='ocrx_word' id='word_1_224' title='bbox 1209 2881 1212 2890; x_wconf 95' lang='lat'><em>.</em></span> 
     </span>
    </p>
   </div>
   <div class='ocr_carea' id='block_1_19' title="bbox 155 2897 1157 3038">
    <p class='ocr_par' dir='ltr' id='par_1_20' title="bbox 155 2897 1157 3038">
     <span class='ocr_line' id='line_1_32' title="bbox 155 2897 1157 2968; baseline 0.004 -16"><span class='ocrx_word' id='word_1_225' title='bbox 155 2898 241 2952; x_wconf 80' lang='lat' dir='ltr'><strong>codd.</strong></span> <span class='ocrx_word' id='word_1_226' title='bbox 258 2924 294 2937; x_wconf 95' lang='lat'><em>-</em></span> <span class='ocrx_word' id='word_1_227' title='bbox 313 2899 408 2948; x_wconf 82' lang='lat' dir='ltr'><strong>eadem</strong></span> <span class='ocrx_word' id='word_1_228' title='bbox 436 2898 577 2950; x_wconf 81' lang='lat' dir='ltr'><strong>continens</strong></span> <span class='ocrx_word' id='word_1_229' title='bbox 596 2897 643 2965; x_wconf 78' lang='lat' dir='ltr'><strong>effi</strong></span> <span class='ocrx_word' id='word_1_230' title='bbox 664 2897 757 2953; x_wconf 83' lang='lat' dir='ltr'><strong>Huvu.</strong></span> <span class='ocrx_word' id='word_1_231' title='bbox 772 2899 808 2962; x_wconf 87' lang='lat' dir='ltr'><strong>A,</strong></span> <span class='ocrx_word' id='word_1_232' title='bbox 829 2904 940 2968; x_wconf 83' lang='lat' dir='ltr'><strong>aliquot</strong></span> <span class='ocrx_word' id='word_1_233' title='bbox 960 2899 1045 2955; x_wconf 78' lang='lat' dir='ltr'><strong>Grut·</strong></span> <span class='ocrx_word' id='word_1_234' title='bbox 1063 2903 1157 2968; x_wconf 72' lang='lat' dir='ltr'><strong>codd,</strong></span> 
     </span>
     <span class='ocr_line' id='line_1_33' title="bbox 155 2961 1156 3038; baseline 0.005 -20"><span class='ocrx_word' id='word_1_235' title='bbox 155 2969 288 3038; x_wconf 80' lang='lat' dir='ltr'><strong>plerique</strong></span> <span class='ocrx_word' id='word_1_236' title='bbox 314 2961 394 3018; x_wconf 76' lang='lat' dir='ltr'>Oxx.</span> <span class='ocrx_word' id='word_1_237' title='bbox 413 2967 510 3030; x_wconf 82' lang='lat' dir='ltr'><strong>(etiam</strong></span> <span class='ocrx_word' id='word_1_238' title='bbox 530 2966 574 3034; x_wconf 81' lang='grc' dir='ltr'><strong>ψ),</strong></span> <span class='ocrx_word' id='word_1_239' title='bbox 601 2966 647 3019; x_wconf 86' lang='lat' dir='ltr'><strong>ed.</strong></span> <span class='ocrx_word' id='word_1_240' title='bbox 666 2984 687 3020; x_wconf 87' lang='lat' dir='ltr'><strong>s.</strong></span> <span class='ocrx_word' id='word_1_241' title='bbox 710 2969 730 3020; x_wconf 89' lang='lat' dir='ltr'><strong>l.</strong></span> <span class='ocrx_word' id='word_1_242' title='bbox 756 2980 785 3020; x_wconf 92' lang='lat' dir='ltr'><strong>et</strong></span> <span class='ocrx_word' id='word_1_243' title='bbox 803 2987 838 3033; x_wconf 85' lang='lat' dir='ltr'><strong>a.,</strong></span> <span class='ocrx_word' id='word_1_244' title='bbox 856 2971 942 3023; x_wconf 70' lang='lat' dir='ltr'><strong>ileu.</strong></span> <span class='ocrx_word' id='word_1_245' title='bbox 969 2988 992 3032; x_wconf 90' lang='lat'><strong>1,</strong></span> <span class='ocrx_word' id='word_1_246' title='bbox 1019 2971 1094 3023; x_wconf 76' lang='lat' dir='ltr'><strong>Veri.</strong></span> <span class='ocrx_word' id='word_1_247' title='bbox 1119 2999 1156 3012; x_wconf 92' lang='lat'><em>-</em></span> 
     </span>
    </p>
   </div>
   <div class='ocr_carea' id='block_1_20' title="bbox 156 3033 1239 3180">
    <p class='ocr_par' dir='ltr' id='par_1_21' title="bbox 156 3033 1239 3180">
     <span class='ocr_line' id='line_1_34' title="bbox 156 3033 1224 3106; baseline 0.003 -16"><span class='ocrx_word' id='word_1_248' title='bbox 156 3040 254 3090; x_wconf 83' lang='lat' dir='ltr'><strong>eadem</strong></span> <span class='ocrx_word' id='word_1_249' title='bbox 275 3045 406 3088; x_wconf 81' lang='lat' dir='ltr'><strong>contuens</strong></span> <span class='ocrx_word' id='word_1_250' title='bbox 422 3033 473 3103; x_wconf 78' lang='lat' dir='ltr'><strong>eff·</strong></span> <span class='ocrx_word' id='word_1_251' title='bbox 496 3035 589 3088; x_wconf 80' lang='lat' dir='ltr'><strong>Havn.</strong></span> <span class='ocrx_word' id='word_1_252' title='bbox 608 3035 641 3099; x_wconf 90' lang='lat' dir='ltr'><strong>B,</strong></span> <span class='ocrx_word' id='word_1_253' title='bbox 669 3036 728 3090; x_wconf 88' lang='lat' dir='ltr'><strong>Pal.</strong></span> <span class='ocrx_word' id='word_1_254' title='bbox 746 3048 810 3102; x_wconf 74' lang='lat' dir='ltr'><strong>oct,</strong></span> <span class='ocrx_word' id='word_1_255' title='bbox 836 3049 962 3106; x_wconf 81' lang='lat' dir='ltr'><strong>excerpt.</strong></span> <span class='ocrx_word' id='word_1_256' title='bbox 985 3035 1009 3101; x_wconf 87' lang='lat' dir='ltr'><strong>d,</strong></span> <span class='ocrx_word' id='word_1_257' title='bbox 1030 3039 1108 3093; x_wconf 86' lang='lat' dir='ltr'><strong>Med.</strong></span> <span class='ocrx_word' id='word_1_258' title='bbox 1128 3058 1155 3105; x_wconf 85' lang='lat'><strong>2,</strong></span> <span class='ocrx_word' id='word_1_259' title='bbox 1223 3088 1224 3093; x_wconf 75' lang='grc'>,</span> 
     </span>
     <span class='ocr_line' id='line_1_35' title="bbox 156 3104 1239 3180; baseline 0.003 -21"><span class='ocrx_word' id='word_1_260' title='bbox 156 3105 232 3159; x_wconf 85' lang='lat' dir='ltr'><strong>Lott.</strong></span> <span class='ocrx_word' id='word_1_261' title='bbox 252 3117 280 3157; x_wconf 89' lang='lat' dir='ltr'><strong>et</strong></span> <span class='ocrx_word' id='word_1_262' title='bbox 297 3107 387 3172; x_wconf 79' lang='lat' dir='ltr'><strong>vulgo</strong></span> <span class='ocrx_word' id='word_1_263' title='bbox 405 3115 469 3172; x_wconf 88' lang='lat' dir='ltr'><strong>post</strong></span> <span class='ocrx_word' id='word_1_264' title='bbox 486 3104 564 3166; x_wconf 76' lang='lat' dir='ltr'><strong>Ait,</strong></span> <span class='ocrx_word' id='word_1_265' title='bbox 581 3105 658 3173; x_wconf 89' lang='lat' dir='ltr'><strong>quod</strong></span> <span class='ocrx_word' id='word_1_266' title='bbox 670 3110 708 3159; x_wconf 84' lang='lat' dir='ltr'><strong>ita</strong></span> <span class='ocrx_word' id='word_1_267' title='bbox 725 3112 850 3175; x_wconf 85' lang='lat' dir='ltr'><strong>iungunt</strong></span> <span class='ocrx_word' id='word_1_268' title='bbox 865 3119 893 3161; x_wconf 91' lang='lat' dir='ltr'><strong>et</strong></span> <span class='ocrx_word' id='word_1_269' title='bbox 912 3109 1057 3180; x_wconf 82' lang='lat' dir='ltr'><strong>explicant</strong></span> <span class='ocrx_word' id='word_1_270' title='bbox 1072 3114 1156 3165; x_wconf 71' lang='lat' dir='ltr'><strong>intur</strong></span> <span class='ocrx_word' id='word_1_271' title='bbox 1233 3138 1239 3148; x_wconf 44' lang='lat' dir='ltr'>x</span> 
     </span>
    </p>
   </div>
   <div class='ocr_carea' id='block_1_21' title="bbox 156 3174 1158 3457">
    <p class='ocr_par' dir='ltr' id='par_1_22' title="bbox 156 3174 1158 3457">
     <span class='ocr_line' id='line_1_36' title="bbox 156 3174 1156 3244; baseline 0.004 -16"><span class='ocrx_word' id='word_1_272' title='bbox 156 3180 209 3244; x_wconf 88' lang='lat' dir='ltr'><strong>qui</strong></span> <span class='ocrx_word' id='word_1_273' title='bbox 228 3178 323 3226; x_wconf 80' lang='lat' dir='ltr'><strong>eudem</strong></span> <span class='ocrx_word' id='word_1_274' title='bbox 344 3175 476 3227; x_wconf 71' lang='lat' dir='ltr'><strong>curaturus</strong></span> <span class='ocrx_word' id='word_1_275' title='bbox 494 3174 524 3230; x_wconf 89' lang='lat' dir='ltr'><strong>h.</strong></span> <span class='ocrx_word' id='word_1_276' title='bbox 544 3191 568 3228; x_wconf 89' lang='lat' dir='ltr'><strong>e.</strong></span> <span class='ocrx_word' id='word_1_277' title='bbox 586 3176 686 3243; x_wconf 77' lang='lat' dir='ltr'><strong>eodem</strong></span> <span class='ocrx_word' id='word_1_278' title='bbox 706 3179 856 3231; x_wconf 87' lang='lat' dir='ltr'><strong>oculorum</strong></span> <span class='ocrx_word' id='word_1_279' title='bbox 873 3175 985 3240; x_wconf 85' lang='lat' dir='ltr'><strong>obtutu,</strong></span> <span class='ocrx_word' id='word_1_280' title='bbox 1003 3178 1078 3230; x_wconf 86' lang='lat' dir='ltr'><strong>nihil</strong></span> <span class='ocrx_word' id='word_1_281' title='bbox 1094 3195 1156 3232; x_wconf 88' lang='lat' dir='ltr'><strong>mo-</strong></span> 
     </span>
     <span class='ocr_line' id='line_1_37' title="bbox 156 3244 1156 3312; baseline 0.007 -16"><span class='ocrx_word' id='word_1_282' title='bbox 156 3261 227 3296; x_wconf 78' lang='lat' dir='ltr'><strong>veus</strong></span> <span class='ocrx_word' id='word_1_283' title='bbox 246 3246 361 3309; x_wconf 81' lang='lat' dir='ltr'><strong>oculos,</strong></span> <span class='ocrx_word' id='word_1_284' title='bbox 396 3244 502 3309; x_wconf 81' lang='lat' dir='ltr'><strong>efficiat</strong></span> <span class='ocrx_word' id='word_1_285' title='bbox 526 3245 591 3296; x_wconf 84' lang='lat' dir='ltr'><strong>illas</strong></span> <span class='ocrx_word' id='word_1_286' title='bbox 616 3245 840 3312; x_wconf 80' lang='lat' dir='ltr'><strong>significationes</strong></span> <span class='ocrx_word' id='word_1_287' title='bbox 863 3258 892 3300; x_wconf 84' lang='lat' dir='ltr'><strong>et</strong></span> <span class='ocrx_word' id='word_1_288' title='bbox 909 3252 1156 3303; x_wconf 82' lang='lat' dir='ltr'><strong>commutationes.</strong></span> 
     </span>
     <span class='ocr_line' id='line_1_38' title="bbox 157 3311 1158 3384; baseline 0.004 -19"><span class='ocrx_word' id='word_1_289' title='bbox 157 3311 214 3366; x_wconf 88' lang='lat' dir='ltr'><strong>Sed</strong></span> <span class='ocrx_word' id='word_1_290' title='bbox 232 3314 262 3365; x_wconf 90' lang='lat' dir='ltr'><strong>id</strong></span> <span class='ocrx_word' id='word_1_291' title='bbox 281 3325 309 3365; x_wconf 90' lang='lat' dir='ltr'><strong>et</strong></span> <span class='ocrx_word' id='word_1_292' title='bbox 333 3311 486 3380; x_wconf 86' lang='lat' dir='ltr'><strong>abruptum</strong></span> <span class='ocrx_word' id='word_1_293' title='bbox 512 3317 596 3366; x_wconf 85' lang='lat' dir='ltr'><strong>nimis</strong></span> <span class='ocrx_word' id='word_1_294' title='bbox 615 3329 686 3383; x_wconf 87' lang='lat' dir='ltr'><strong>esse,</strong></span> <span class='ocrx_word' id='word_1_295' title='bbox 714 3331 767 3376; x_wconf 68' lang='lat' dir='ltr'><strong>nuc</strong></span> <span class='ocrx_word' id='word_1_296' title='bbox 795 3327 893 3384; x_wconf 77' lang='lat' dir='ltr'><strong>aptum</strong></span> <span class='ocrx_word' id='word_1_297' title='bbox 920 3316 985 3370; x_wconf 89' lang='lat' dir='ltr'><strong>locu</strong></span> <span class='ocrx_word' id='word_1_298' title='bbox 1014 3322 1068 3369; x_wconf 88' lang='lat' dir='ltr'><strong>iam</strong></span> <span class='ocrx_word' id='word_1_299' title='bbox 1088 3317 1158 3376; x_wconf 88' lang='lat' dir='ltr'><strong>Ern.</strong></span> 
     </span>
     <span class='ocr_line' id='line_1_39' title="bbox 158 3381 1155 3457; baseline 0.006 -23"><span class='ocrx_word' id='word_1_300' title='bbox 158 3381 330 3434; x_wconf 81' lang='lat' dir='ltr'><strong>observavit.</strong></span> <span class='ocrx_word' id='word_1_301' title='bbox 372 3381 409 3434; x_wconf 88' lang='lat' dir='ltr'><strong>Ut</strong></span> <span class='ocrx_word' id='word_1_302' title='bbox 427 3393 550 3447; x_wconf 82' lang='lat' dir='ltr'><strong>taceam,</strong></span> <span class='ocrx_word' id='word_1_303' title='bbox 577 3385 675 3450; x_wconf 89' lang='lat' dir='ltr'><strong>paullo</strong></span> <span class='ocrx_word' id='word_1_304' title='bbox 694 3396 760 3453; x_wconf 88' lang='lat' dir='ltr'><strong>post</strong></span> <span class='ocrx_word' id='word_1_305' title='bbox 783 3393 867 3452; x_wconf 85' lang='lat' dir='ltr'><strong>sequi</strong></span> <span class='ocrx_word' id='word_1_306' title='bbox 886 3395 1018 3437; x_wconf 82' lang='lat' dir='ltr'><strong>contuens</strong></span> <span class='ocrx_word' id='word_1_307' title='bbox 1036 3387 1155 3457; x_wconf 79' lang='lat' dir='ltr'><strong>aliquid,</strong></span> 
     </span>
    </p>
   </div>
   <div class='ocr_carea' id='block_1_22' title="bbox 157 3450 1254 3591">
    <p class='ocr_par' dir='ltr' id='par_1_23' title="bbox 157 3450 1254 3591">
     <span class='ocr_line' id='line_1_40' title="bbox 157 3450 1254 3521; baseline 0.007 -18"><span class='ocrx_word' id='word_1_308' title='bbox 157 3452 235 3520; x_wconf 86' lang='lat' dir='ltr'><strong>quod</strong></span> <span class='ocrx_word' id='word_1_309' title='bbox 254 3457 315 3503; x_wconf 84' lang='lat' dir='ltr'><strong>siue</strong></span> <span class='ocrx_word' id='word_1_310' title='bbox 342 3467 426 3503; x_wconf 79' lang='lat' dir='ltr'><strong>cautu</strong></span> <span class='ocrx_word' id='word_1_311' title='bbox 448 3455 571 3509; x_wconf 76' lang='lat' dir='ltr'><strong>mutavit</strong></span> <span class='ocrx_word' id='word_1_312' title='bbox 588 3450 672 3506; x_wconf 70' lang='lat' dir='ltr'><strong>scu:</strong></span> <span class='ocrx_word' id='word_1_313' title='bbox 696 3470 762 3506; x_wconf 79' lang='lat' dir='ltr'><strong>salte</strong></span> <span class='ocrx_word' id='word_1_314' title='bbox 781 3455 935 3507; x_wconf 89' lang='lat' dir='ltr'><strong>ridiculum</strong></span> <span class='ocrx_word' id='word_1_315' title='bbox 953 3467 982 3506; x_wconf 90' lang='lat' dir='ltr'><strong>et</strong></span> <span class='ocrx_word' id='word_1_316' title='bbox 1000 3454 1157 3521; x_wconf 81' lang='lat' dir='ltr'><strong>absurdum</strong></span> <span class='ocrx_word' id='word_1_317' title='bbox 1239 3508 1254 3514; x_wconf 85' lang='grc'>,</span> 
     </span>
     <span class='ocr_line' id='line_1_41' title="bbox 157 3521 1168 3591; baseline 0.005 -16"><span class='ocrx_word' id='word_1_318' title='bbox 157 3533 232 3575; x_wconf 86' lang='lat' dir='ltr'><strong>esset</strong></span> <span class='ocrx_word' id='word_1_319' title='bbox 249 3521 353 3587; x_wconf 88' lang='lat' dir='ltr'><strong>dicere,</strong></span> <span class='ocrx_word' id='word_1_320' title='bbox 372 3537 447 3583; x_wconf 88' lang='lat' dir='ltr'><strong>eum,</strong></span> <span class='ocrx_word' id='word_1_321' title='bbox 465 3526 516 3588; x_wconf 86' lang='lat' dir='ltr'><strong>qui</strong></span> <span class='ocrx_word' id='word_1_322' title='bbox 535 3521 632 3577; x_wconf 84' lang='lat' dir='ltr'><strong>eadem</strong></span> <span class='ocrx_word' id='word_1_323' title='bbox 652 3534 846 3587; x_wconf 84' lang='lat' dir='ltr'><strong>contueretur,</strong></span> <span class='ocrx_word' id='word_1_324' title='bbox 872 3534 914 3576; x_wconf 90' lang='lat' dir='ltr'><strong>tot</strong></span> <span class='ocrx_word' id='word_1_325' title='bbox 931 3523 1168 3591; x_wconf 84' lang='lat' dir='ltr'><strong>significationes·</strong></span> 
     </span>
    </p>
   </div>
   <div class='ocr_carea' id='block_1_23' title="bbox 121 3593 1157 4010">
    <p class='ocr_par' dir='ltr' id='par_1_24' title="bbox 121 3593 1157 4010">
     <span class='ocr_line' id='line_1_42' title="bbox 157 3593 1155 3662; baseline 0.003 -18"><span class='ocrx_word' id='word_1_326' title='bbox 157 3602 187 3645; x_wconf 85' lang='lat' dir='ltr'><strong>et</strong></span> <span class='ocrx_word' id='word_1_327' title='bbox 206 3593 451 3653; x_wconf 80' lang='lat' dir='ltr'><strong>commutationes,</strong></span> <span class='ocrx_word' id='word_1_328' title='bbox 470 3603 542 3658; x_wconf 90' lang='lat' dir='ltr'><strong>quot</strong></span> <span class='ocrx_word' id='word_1_329' title='bbox 560 3595 647 3644; x_wconf 79' lang='lat' dir='ltr'><strong>animi</strong></span> <span class='ocrx_word' id='word_1_330' title='bbox 666 3604 759 3645; x_wconf 87' lang='lat' dir='ltr'><strong>motus</strong></span> <span class='ocrx_word' id='word_1_331' title='bbox 778 3603 893 3658; x_wconf 85' lang='lat' dir='ltr'><strong>essent,</strong></span> <span class='ocrx_word' id='word_1_332' title='bbox 914 3610 973 3644; x_wconf 85' lang='lat' dir='ltr'><strong>nou</strong></span> <span class='ocrx_word' id='word_1_333' title='bbox 992 3610 1074 3662; x_wconf 87' lang='lat' dir='ltr'><strong>posse</strong></span> <span class='ocrx_word' id='word_1_334' title='bbox 1093 3593 1155 3648; x_wconf 88' lang='lat' dir='ltr'><strong>effi-</strong></span> 
     </span>
     <span class='ocr_line' id='line_1_43' title="bbox 121 3661 1157 3729; baseline 0.007 -16"><span class='ocrx_word' id='word_1_335' title='bbox 121 3718 126 3727; x_wconf 53' lang='lat'><strong>,</strong></span> <span class='ocrx_word' id='word_1_336' title='bbox 158 3676 233 3714; x_wconf 84' lang='lat' dir='ltr'><strong>cere.</strong></span> <span class='ocrx_word' id='word_1_337' title='bbox 251 3689 285 3700; x_wconf 89' lang='lat'><em>-</em></span> <span class='ocrx_word' id='word_1_338' title='bbox 299 3662 429 3727; x_wconf 71' lang='lat' dir='ltr'><strong>Vulgata</strong></span> <span class='ocrx_word' id='word_1_339' title='bbox 448 3661 578 3713; x_wconf 84' lang='lat' dir='ltr'><strong>lectionis</strong></span> <span class='ocrx_word' id='word_1_340' title='bbox 598 3661 731 3714; x_wconf 86' lang='lat' dir='ltr'><strong>mendum</strong></span> <span class='ocrx_word' id='word_1_341' title='bbox 751 3668 828 3716; x_wconf 81' lang='lat' dir='ltr'><strong>varie</strong></span> <span class='ocrx_word' id='word_1_342' title='bbox 847 3666 992 3729; x_wconf 82' lang='lat' dir='ltr'><strong>corrigere</strong></span> <span class='ocrx_word' id='word_1_343' title='bbox 1011 3674 1157 3720; x_wconf 85' lang='lat' dir='ltr'><strong>tentarunt</strong></span> 
     </span>
     <span class='ocr_line' id='line_1_44' title="bbox 158 3732 1157 3803; baseline 0.005 -23"><span class='ocrx_word' id='word_1_344' title='bbox 158 3742 290 3786; x_wconf 65' lang='lat' dir='ltr'><strong>secentur</strong></span> <span class='ocrx_word' id='word_1_345' title='bbox 317 3732 365 3799; x_wconf 83' lang='lat' dir='ltr'><strong>qui</strong></span> <span class='ocrx_word' id='word_1_346' title='bbox 390 3733 487 3783; x_wconf 82' lang='lat' dir='ltr'><strong>cadem</strong></span> <span class='ocrx_word' id='word_1_347' title='bbox 515 3741 645 3783; x_wconf 83' lang='lat' dir='ltr'><strong>contuens</strong></span> <span class='ocrx_word' id='word_1_348' title='bbox 671 3734 747 3784; x_wconf 84' lang='lat' dir='ltr'><strong>dicat</strong></span> <span class='ocrx_word' id='word_1_349' title='bbox 762 3736 852 3784; x_wconf 72' lang='lat' dir='ltr'><strong>coni.</strong></span> <span class='ocrx_word' id='word_1_350' title='bbox 876 3732 944 3784; x_wconf 86' lang='lat' dir='ltr'><strong>Ern.</strong></span> <span class='ocrx_word' id='word_1_351' title='bbox 967 3760 1003 3774; x_wconf 87' lang='lat'><strong>·-</strong></span> <span class='ocrx_word' id='word_1_352' title='bbox 1027 3735 1074 3803; x_wconf 85' lang='lat' dir='ltr'><strong>qui</strong></span> <span class='ocrx_word' id='word_1_353' title='bbox 1099 3752 1157 3798; x_wconf 84' lang='lat' dir='ltr'><strong>eas,</strong></span> 
     </span>
     <span class='ocr_line' id='line_1_45' title="bbox 158 3799 1156 3867; baseline 0.006 -17"><span class='ocrx_word' id='word_1_354' title='bbox 158 3801 230 3850; x_wconf 80' lang='lat' dir='ltr'><strong>idem</strong></span> <span class='ocrx_word' id='word_1_355' title='bbox 255 3810 386 3852; x_wconf 84' lang='lat' dir='ltr'><strong>contuens</strong></span> <span class='ocrx_word' id='word_1_356' title='bbox 409 3800 516 3867; x_wconf 76' lang='lat' dir='ltr'><strong>efficiat</strong></span> <span class='ocrx_word' id='word_1_357' title='bbox 540 3817 555 3852; x_wconf 87' lang='lat' dir='ltr'><strong>e</strong></span> <span class='ocrx_word' id='word_1_358' title='bbox 577 3799 726 3854; x_wconf 72' lang='lat' dir='ltr'><strong>Schuetzii</strong></span> <span class='ocrx_word' id='word_1_359' title='bbox 752 3805 782 3853; x_wconf 85' lang='lat' dir='ltr'><strong>in</strong></span> <span class='ocrx_word' id='word_1_360' title='bbox 812 3803 857 3854; x_wconf 87' lang='lat' dir='ltr'><strong>ed.</strong></span> <span class='ocrx_word' id='word_1_361' title='bbox 880 3806 945 3853; x_wconf 82' lang='lat' dir='ltr'><strong>mui.</strong></span> <span class='ocrx_word' id='word_1_362' title='bbox 970 3800 1156 3857; x_wconf 68' lang='lat' dir='ltr'><strong>comeditur</strong></span> 
     </span>
     <span class='ocr_line' id='line_1_46' title="bbox 157 3865 1157 3942; baseline 0.005 -21"><span class='ocrx_word' id='word_1_363' title='bbox 157 3865 327 3921; x_wconf 81' lang='lat' dir='ltr'><strong>Muellerus.</strong></span> <span class='ocrx_word' id='word_1_364' title='bbox 339 3896 374 3909; x_wconf 88' lang='lat'><em>-</em></span> <span class='ocrx_word' id='word_1_365' title='bbox 391 3871 439 3939; x_wconf 83' lang='lat' dir='ltr'><strong>qui</strong></span> <span class='ocrx_word' id='word_1_366' title='bbox 457 3871 554 3922; x_wconf 78' lang='lat' dir='ltr'><strong>eadem</strong></span> <span class='ocrx_word' id='word_1_367' title='bbox 573 3879 705 3922; x_wconf 81' lang='lat' dir='ltr'><strong>contuens</strong></span> <span class='ocrx_word' id='word_1_368' title='bbox 723 3872 874 3942; x_wconf 83' lang='lat' dir='ltr'><strong>quidquam</strong></span> <span class='ocrx_word' id='word_1_369' title='bbox 895 3872 945 3942; x_wconf 81' lang='lat' dir='ltr'><strong>eff.</strong></span> <span class='ocrx_word' id='word_1_370' title='bbox 960 3875 1035 3926; x_wconf 82' lang='lat' dir='ltr'><strong>coni.</strong></span> <span class='ocrx_word' id='word_1_371' title='bbox 1054 3871 1157 3926; x_wconf 81' lang='lat' dir='ltr'><strong>Waur·</strong></span> 
     </span>
     <span class='ocr_line' id='line_1_47' title="bbox 157 3934 836 4010; baseline 0.001 -17"><span class='ocrx_word' id='word_1_372' title='bbox 157 3936 289 4003; x_wconf 74' lang='lat' dir='ltr'><strong>dusburg</strong></span> <span class='ocrx_word' id='word_1_373' title='bbox 309 3955 408 4006; x_wconf 83' lang='lat' dir='ltr'><strong>opusc.</strong></span> <span class='ocrx_word' id='word_1_374' title='bbox 429 3934 499 3993; x_wconf 81' lang='lat' dir='ltr'><strong>o&#39;rut.</strong></span> <span class='ocrx_word' id='word_1_375' title='bbox 517 3950 595 4007; x_wconf 86' lang='lat' dir='ltr'><strong>poet.</strong></span> <span class='ocrx_word' id='word_1_376' title='bbox 613 3942 676 3993; x_wconf 89' lang='lat' dir='ltr'><strong>crit.</strong></span> <span class='ocrx_word' id='word_1_377' title='bbox 694 3957 724 4010; x_wconf 83' lang='lat' dir='ltr'><strong>p.</strong></span> <span class='ocrx_word' id='word_1_378' title='bbox 747 3941 804 3993; x_wconf 77' lang='lat'><strong>156.</strong></span> <span class='ocrx_word' id='word_1_379' title='bbox 823 3969 836 3994; x_wconf 79' lang='lat' dir='ltr'><em>t</em></span> 
     </span>
    </p>
   </div>
   <div class='ocr_carea' id='block_1_24' title="bbox 192 4005 1156 4095">
    <p class='ocr_par' dir='ltr' id='par_1_25' title="bbox 192 4005 1156 4095">
     <span class='ocr_line' id='line_1_48' title="bbox 192 4005 1156 4095; baseline 0.01 -35"><span class='ocrx_word' id='word_1_380' title='bbox 192 4090 195 4095; x_wconf 9' lang='lat' dir='ltr'>y</span> <span class='ocrx_word' id='word_1_381' title='bbox 232 4005 438 4079; x_wconf 64' lang='lat' dir='ltr'><strong>ssluoplrrastul</strong></span> <span class='ocrx_word' id='word_1_382' title='bbox 453 4035 489 4050; x_wconf 92' lang='lat'><em>-</em></span> <span class='ocrx_word' id='word_1_383' title='bbox 511 4007 685 4088; x_wconf 58' lang='lat' dir='ltr'><strong>domituram]</strong></span> <span class='ocrx_word' id='word_1_384' title='bbox 728 4007 772 4067; x_wconf 85' lang='lat' dir='ltr'><strong>De</strong></span> <span class='ocrx_word' id='word_1_385' title='bbox 797 4009 1156 4083; x_wconf 64' lang='lat' dir='ltr'><strong>corporatorum.</strong></span> 
     </span>
    </p>
   </div>
   <div class='ocr_carea' id='block_1_25' title="bbox 0 0 1321 4410">
    <p class='ocr_par' dir='ltr' id='par_1_26' title="bbox 0 0 1321 4410">
     <span class='ocr_line' id='line_1_49' title="bbox 0 0 1321 4410; baseline 0 0"><span class='ocrx_word' id='word_1_386' title='bbox 0 0 1321 4410; x_wconf 95' lang='lat' dir='ltr'><strong> </strong></span> 
     </span>
    </p>
   </div>
  </div>
 </body>
</html>
