2618 4440
191 328 256 401 sn
321 298 606 427 Ιὀιοειὶοικπε
619 318 680 389 oe
698 318 1006 397 omnim-111.
1020 332 1077 404 n.

191 517 302 604 magis,
325 539 426 608 quum
447 538 511 607 pro
533 512 706 606 Bithyniae
724 538 802 602 rege
825 500 917 585 dixit.
964 517 1204 608 Quamobrem

103 610 107 619 Ι
190 643 279 693 recte
301 621 402 705 vides,
425 621 557 701 Catule3
581 619 666 686 nihil
684 623 772 719 enim
790 623 843 688 isti
866 620 1064 693 adolescenti
1085 652 1204 722 neque

192 754 217 797 α’
233 748 345 796 natura
368 750 476 819 nequo
499 752 516 792 a
536 725 691 794 doctrino
715 727 824 815 deesse
847 731 964 796 sentio.
1006 742 1083 806 230.
1118 734 1203 825 Quo

189 840 291 922 magis
316 835 449 917 esttibi,
479 835 584 918 Cotta,
615 851 646 899 et
669 834 739 916 tibi,
764 829 902 927 Sulpici,
933 814 1142 920 vigilandum
1164 865 1205 909 ac

122 945 147 989 ⁸-
190 939 414 1017 laborandum.
484 943 560 1009 Non
589 943 678 1006 enim
706 937 764 1005 ille
795 939 969 1006 mediocris
997 958 1111 1011 orator
1141 969 1204 1014 ve.

80 1096 94 1107 .
189 1067 275 1118 strae
299 1048 388 1139 quasi
410 1044 582 1111 succrescit
612 1048 725 1129 aetati,
760 1044 818 1111 sod
843 1062 876 1111 et
903 1047 1035 1131 ingenio
1062 1054 1204 1142 peracri

189 1173 222 1222 et
242 1153 350 1220 studio
372 1150 519 1237 flagranti
535 1168 575 1235 et,
590 1151 739 1218 doctrina
759 1152 874 1216 eximia
893 1166 925 1217 et
939 1152 1099 1220 memoria
1124 1159 1208 1247 sin-¹

189 1258 307 1349 gulari.
349 1259 410 1328 Cui
429 1280 624 1349 quamquam
640 1255 746 1342 faveo,
767 1275 873 1323 tamen
891 1255 986 1323 illum
1002 1261 1097 1326 aetati
1120 1286 1203 1331 suae
1227 1274 1230 1279 '

188 1378 350 1466 praestare
378 1366 497 1458 cupi03
543 1363 637 1430 vohis
669 1386 749 1430 vero
781 1361 877 1430 illum
905 1381 995 1431 tanto
1025 1352 1204 1438 minoi-im
1288 1394 1291 1399 ·

187 1490 399 1567 praecurrere
429 1473 483 1539 vix
507 1468 680 1536 honestum
708 1486 767 1539 est.
827 1468 893 1561 Sed
921 1471 986 1565 iam
1011 1494 1202 1559 surgamus,

187 1585 306 1677 inquit,
329 1601 454 1670 nosque
478 1600 638 1660 curemus,
659 1592 691 1642 et
712 1574 886 1667 aliquando
910 1575 1030 1642 ab'hao
1051 1596 1202 1647 conten-

187 1693 279 1760 tione
296 1687 520 1781 disputationis
538 1686 662 1752 animos
678 1672 808 1750 nosiros
824 1706 965 1776 curaque
983 1678 1151 1755 laxemus.

187 1848 326 1865 —-

260 1937 292 2007 5.,
312 1936 376 1990 250.
420 1949 542 2004 curaque
564 1926 702 1998 laxemus]
751 1925 832 1981 Hono
857 1928 989 1984 Lambini
1015 1920 1200 1988 emendatio·

190 2025 258 2063 nem
278 2004 438 2074 recepimus
464 2018 519 2071 pso
544 2001 625 2068 vulg.
651 2016 799 2070 curamque
820 2000 961 2066 laxemus,
987 2002 1068 2068 quod
1086 2009 1196 2058 mirum

188 2091 232 2133 est
251 2083 394 2131 neminem
414 2069 582 2132 offendisset
611 2071 711 2122 laxare
728 2088 840 2132 curam,
868 2073 1086 2136 contentionem,
1114 2075 1197 2129 lobo-

188 2168 246 2203 rem
258 2160 300 2202 est
312 2150 456 2199 remittere
475 2158 571 2194 curem
585 2152 647 2203 eto,
665 2150 692 2190 et
707 2144 817 2191 antimus
831 2140 945 2193 laxatur
962 2158 978 2193 o
994 2148 1195 2212 contentione,
1215 2182 1221 2190 .

188 2235 274 2287 eura,
308 2233 397 2285 quum
423 2231 456 2266 ee
483 2210 622 2264 liberatur
643 2225 674 2261 ae
692 2210 833 2269 solviturt
861 2211 911 2265 sed
933 2211 1034 2263 laxare
1055 2231 1155 2264 euram
1175 2233 1196 2266 a
1296 2222 1300 2229 ’

188 2289 361 2343 contentione
385 2301 444 2338 non
467 2285 555 2350 magis
583 2289 678 2350 potest
702 2278 760 2333 dici
784 2294 870 2349 quam
895 2280 954 2337 lax.
979 2285 1197 2354 contentionem,

187 2356 309 2415 lobo'rsm
329 2376 349 2412 a
366 2373 396 2411 re
414 2352 524 2429 aliquo.
599 2418 602 2423 .
660 2417 665 2423 .
