2618 4440
104 310 110 327 ·
208 241 282 374 ’171
298 274 318 350 “.
370 252 373 259 ’
589 286 827 359 armamus

214 486 288 564 254.
314 487 362 555 Ut
382 502 456 555 tuus
476 484 607 567 amicus,
633 486 757 570 Crasse,
779 482 931 577 Grauius,
953 505 1019 550 non
1043 497 1112 552 erse
1132 497 1213 553 sexi

135 636 142 653 -·
214 597 330 661 tantis.
382 593 427 658 Et
446 592 474 656 si
496 589 659 683 quaeritis,
680 590 718 674 is,
740 589 798 681 qui
821 585 1002 685 appellatur
1022 587 1126 675 dicax,
1145 578 1214 660 hor.
1287 584 1294 595 ’

146 710 149 715 “
185 728 189 738 ,
214 721 333 785 genere
354 697 492 763 maxime
513 692 670 778 excellet,
686 693 743 762 sed
763 695 846 777 risus
868 705 1007 778 movent.
1019 692 1082 760 alia
1104 697 1213 765 maio-

214 827 278 872 res.
331 800 530 887 Ambiguum
551 824 613 894 per
633 825 670 868 ee
698 802 806 894 ipsum
826 800 984 898 probatur
1007 797 1042 866 id
1063 801 1211 892 quidem,

116 951 120 967 ·
214 925 254 995 ut
271 904 463 990 aetedixi,
491 903 545 973 vel
573 907 732 991 maxime3
773 900 934 991 ingeniosi
962 909 1056 974 enim·
1070 905 1212 990 videtur,

215 1013 284 1079 vim
301 1011 393 1079 verbi
413 1014 449 1078 in
471 996 570 1095 aliud,
599 1003 694 1104 atque
712 1013 810 1077 ceteri
829 1013 998 1104 accipiant,
1030 1035 1126 1104 posse
1148 1010 1213 1077 du-

215 1124 309 1200 c'ere3
347 1116 405 1184 sed
431 1115 677 1202 admirationem
700 1118 801 1201 magis
830 1140 927 1209 quam
955 1119 1059 1183 risum
1090 1133 1211 1200 movet,
1273 1164 1277 1172 .
1305 1139 1308 1143 ·

202 1223 279 1309 'ttici
296 1224 325 1289 si
343 1222 475 1314 vando
492 1221 614 1289 incidit
631 1226 667 1290 in
690 1220 778 1289 aliud
805 1228 906 1308 genus
926 1208 1076 1290 ridiculi.
1155 1231 1183 1293 ,’

304 1327 426 1397 LXIII.
456 1343 540 1406 255.
557 1326 652 1418 Quae
671 1317 800 1413 genera
815 1352 1006 1420 percurram
1035 1326 1210 1421 equidem

212 1431 270 1503 sed
291 1435 380 1502 scitis
401 1459 470 1503 esse
490 1435 694 1520 notissimum
711 1431 843 1502 ridiculi
861 1458 971 1520 genus,
1001 1456 1102 1526 quum
1124 1429 1213 1499 aliud

215 1559 445 1632 exspectamus,
469 1538 557 1607 aliud
572 1539 701 1608 dicitur.
747 1542 810 1610 llic
832 1541 992 1606 nobismet
1009 1541 1087 1631 ipsis
1102 1543 1214 1605 noster
1242 1548 1245 1554 '

150 1689 152 1694 ·
213 1670 313 1712 error
341 1647 445 1711 risum
470 1660 591 1711 movet.
650 1643 752 1732 Quod
779 1646 808 1709 si
837 1643 1016 1721 admixtum,
1042 1662 1088 1711 est
1102 1646 1213 1712 'etiam

214 1751 412 1834 ambiguum,
434 1747 473 1814 fit
493 1745 626 1815 salsius:
647 1763 683 1812 ut
704 1745 791 1838 apud
813 1749 971 1816 Naevium
990 1747 1120 1817 videtur
1143 1771 1213 1818 esse

213 1876 360 1925 ἐ--ιι-
1193 1917 1199 1945 ,

214 1994 384 2063 simpliciter
410 2006 464 2062 pro
489 1990 628 2064 configere
653 1990 762 2047 dicium
787 2009 848 2049 esse
876 2000 986 2063 putant.
1038 1990 1150 2048 Ernesti
1179 1999 1213 2052 in
1248 2030 1254 2041 ·
1279 2052 1285 2059 ,

215 2065 354 2135 confixum
373 2063 433 2116 c‘rbl
451 2078 545 2131 genus
561 2060 715 2132 significari
734 2075 824 2134 putat,
843 2065 889 2116 sin
905 2065 1043 2117 ll'rs'cussil.
1082 2059 1167 2129 Quod
1187 2073 1212 2117 si

215 2138 324 2207 placet,
350 2138 435 2189 etiam
452 2139 483 2184 iu
504 2137 618 2186 nomine
637 2136 749 2188 Nucula
773 2136 902 2187 allusisse
928 2145 1023 2202 potest
1040 2133 1075 2186 ad
1092 2134 1212 2200 aliquod

216 2205 307 2259 edulii
325 2219 424 2271 genus,
444 2203 521 2270 quod
540 2214 583 2255 est
598 2205 673 2272 apud
694 2203 718 2256 A
742 2209 838 2267 icium,
858 2207 962 2256 utiam
980 2201 1133 2256 'Ilurnebus
1154 2201 1212 2254 ob.

215 2279 350 2335 servarit.
389 2271 523 2326 Ceterum
551 2271 602 2326 eir.
630 2274 691 2327 Iani
719 2222 863 2328 balthasar
888 2272 923 2326 de
947 2269 1036 2326 rebus
1060 2287 1110 2340 per
1128 2276 1211 2338 epist.

215 2349 359 2414 quaesitis,
384 2354 430 2414 ep.
447 2345 512 2396 50.“
530 2370 566 2383 -
583 2342 737 2397 Turnebus
761 2355 792 2396 et
811 2342 879 2396 Emi.
904 2347 936 2395 iu
953 2342 1016 2397 lud.
1032 2351 1134 2410 putant
1152 2344 1214 2393 De.

215 2417 288 2468 aium
307 2429 368 2465 esse
387 2429 471 2477 eum,
495 2417 547 2480 qui
564 2408 714 2480 Opimium
731 2415 921 2476 accusaverim
954 2410 1009 2468 cfr.
1033 2411 1069 2464 ll.
1088 2412 1129 2465 50.
1153 2411 1213 2469 132.
1256 2424 1261 2434 ¹

215 2508 252 2532 «-
267 2484 312 2537 De
330 2483 440 2534 Lucilio
465 2483 531 2534 vide
549 2482 585 2534 ad
604 2484 627 2536 l.
651 2483 690 2534 16.
707 2501 751 2551 7²·

287 2554 312 2622 5.
326 2553 387 2607 254.
424 2569 477 2605 uon
496 2569 554 2603 esse
569 2552 721 2619 sextantis]
743 2549 882 2614 “Sextans
901 2560 943 2605 est
960 2562 1041 2605 sexta
1062 2568 1125 2620 pars
1144 2555 1213 2608 assis
1253 2574 1259 2587 .

216 2623 265 2676 sel
283 2624 386 2688 congii.
424 2618 603 2687 Ambiguum
621 2621 735 2679 videtur
751 2626 856 2674 esse'iu
872 2638 915 2687 eo,
933 2623 1011 2689 quod
1027 2622 1104 2677 eliud
1120 2626 1214 2688 sigui.

214 2692 283 2745 ficar
300 2690 447 2751 sextantis,
466 2690 544 2741 aliud
564 2708 612 2742 ses
630 2691 739 2750 taurise
764 2696 861 2759 priore
880 2708 965 2744 seusu
983 2689 1105 2744 Grauius
1127 2692 1213 2757 dixit,

215 2761 264 2821 id,
292 2758 403 2824 dequo
424 2757 576 2826 agebatur,
595 2760 725 2814 vilissimi
744 2776 804 2813 esse
823 2765 926 2828 pretiis
955 2764 1114 2830 posteriore
1132 2776 1213 2826 vero,

215 2829 247 2887 id
264 2843 324 2879 nou
342 2840 403 2879 asse
419 2827 649 2901 aequiparandum
666 2830 795 2883 serraliis
815 2834 909 2897 teritis,
927 2847 978 2882 seu
995 2831 1086 2898 plastis
1106 2832 1212 2896 valere,

214 2913 303 2966 quam
320 2912 374 2949 sen
392 2897 446 2950 alia
465 2908 555 2961 tarsis,
581 2898 703 2967 ideoque
722 2915 782 2953 esse
801 2898 1087 2967 vsiue‚preuosum.“
1112 2898 1212 2953 Pearc.

216 2967 319 3022 Paullo
346 2967 428 3018 aliter
455 2964 627 3030 Turnebus,
663 2968 713 3020 sed
741 2969 858 3022 earrdem
891 2968 967 3021 dicto
999 2967 1215 3036 ambiguitatem

215 3036 389 3092 subiiciens!
408 3038 488 3089 ‘ilion
506 3053 564 3087 esse
584 3039 726 3089 metantis
746 3037 865 3102 dicitur,
885 3037 962 3105 quod
981 3040 1072 3106 pluris
1093 3048 1152 3102 est,
1181 3039 1217 3092 id-

216 3120 270 3172 est‚
290 3106 366 3174 quod
386 3116 428 3157 ast
446 3106 541 3172 magar
557 3110 658 3173 predia
683 3118 713 3161 et
730 3124 784 3158 non
802 3126 859 3169 esse
877 3109 1015 3160 warantis
1033 3110 1119 3159 etiam
1138 3110 1218 3173 dici-¹

216 3189 276 3245 tur,
294 3175 375 3265 quod
390 3180 509 3227 mitioris
527 3187 579 3238 est,
598 3175 629 3228 id
648 3186 699 3242 est,
719 3177 795 3244 quod
814 3178 922 3243 nullius
942 3178 1032 3244 prdpe
1051 3181 1164 3244 pretii.“

288 3244 353 3313 bap.
373 3243 477 3296 LXIII.
493 3245 515 3312 ᾗ.
538 3245 598 3296 255.
636 3254 675 3297 ut·
687 3248 763 3316 apud
779 3247 922 3312 Naevium]
941 3245 1038 3310 Nouii,
1064 3244 1214 3300 Atellana-

216 3334 282 3372 rum
308 3316 454 3383 scriptoris
480 3313 619 3379 (Macrob.
636 3312 694 3373 Sat.
719 3316 744 3372 I.
763 3332 809 3378 ro,
839 3313 965 3373 Gronov.
991 3316 1026 3368 ad
1045 3312 1118 3369 Gell.
1144 3317 1213 3370 XV.

219 3390 275 3453 13),
297 3400 401 3438 nomeu
427 3401 479 3452 pro
498 3387 597 3438 Noevt'o
616 3384 644 3439 h.
665 3385 698 3450 l.‚
729 3389 798 3438 item
817 3401 841 3439 e.
861 3386 904 3459 69.
930 3404 981 3458 279
1000 3395 1029 3437 et
1054 3401 1079 3440 c.
1098 3402 1140 3456 70.
1161 3387 1212 3439 285

218 3454 428 3509 restituendum
445 3469 507 3506 esse
524 3465 621 3507 censet
638 3452 830 3508 Schneiderus
849 3461 879 3508 iu
898 3461 978 3524 epist.
995 3455 1030 3507 ad
1043 3453 1212 3523 Laugerum,
1259 3472 1263 3477 “

218 3525 402 3578 ⁷lletzeliauas
424 3521 506 3576 uiua
525 3524 647 3577 editioni
666 3531 821 3595 premisse,
848 3543 877 3594 p.
896 3525 1006 3586 XVIII,
1025 3540 1147 3593 eumque
1166 3541 1214 3580 se.

218 3599 280 3646 cuti
297 3591 458 3656 1111118111,
477 3593 556 3646 Harl.
576 3605 605 3645 et
623 3593 758 3652 Mueller.
803 3593 858 3648 Sed
879 3595 907 3648 h.
929 3596 948 3647 l.
968 3611 1064 3646 omnes
1084 3595 1166 3652 codd.
1184 3607 1215 3651 et
1273 3595 1277 3601 ’

218 3664 298 3728 vulg.
322 3663 385 3715 edd.
405 3665 482 3733 apud
505 3665 635 3716 Noevium
661 3662 810 3717 exhibent.
864 3661 996 3715 Ceterum
1022 3660 1144 3719 dillicilis
1170 3677 1215 3720 est

219 3731 316 3799 optio,
343 3733 422 3799 quod
446 3737 530 3786 etlam
555 3733 668 3786 Naevius
693 3734 853 3786 comoedias
877 3736 1022 3800 scripsisse
1040 3731 1149 3797 fertur,
1185 3747 1215 3790 et

172 3828 176 3833 -
219 3799 298 3869 quod
319 3802 414 3852 Noevir'
439 3812 468 3855 et
483 3804 567 3856 Nouii
589 3808 705 3856 uomina
725 3820 760 3856 sss
777 3808 830 3855 'ea
852 3801 977 3865 librariis¹
995 3801 1214 3860 corilunduntur

220 3867 287 3935 (cir.
297 3864 406 3921 Sautsn
420 3871 456 3924 ad
472 3871 736 3927 TerentiamM'aur.
755 3820 789 3924 de
809 3882 889 3929 metr.
904 3888 933 3940 p.
948 3872 997 3923 233
1017 3889 1086 3940 sqq„
1106 3870 1216 3928 Geruh.

219 3938 263 3995 ad·
277 3934 335 3992 Cic.
360 3937 398 3993 de
414 3936 481 3995 Seu.
508 3940 610 4009 buo).
627 3970 665 3984 -
682 3947 730 3996 Ga.
755 3943 873 3997 Novius
898 3940 975 3994 bello
992 3940 1102 3996 Punico
1119 3947 1213 4011 priano

64 4047 85 4059 -
210 4006 361 4082 mdiu
375 4004 578 4088 fouit-Uetto
594 4028 641 4085 ep.
660 4009 735 4072 Geli
754 4012 850 4068 xvii.
870 4012 929 4082 21).
953 4009 990 4068 A.
1007 4011 1041 4067 U.
1062 4011 1113 4083 519
1135 4013 1214 4080 (235)
1251 4039 1257 4048 ·
