2618 4440
354 262 416 331 uu
440 260 654 330 outrouu
682 259 764 330 utu.
789 261 832 330 n.
852 269 904 342 74·
925 272 980 344 rs:
1086 279 1175 346 ..305
1233 336 1238 341 ,

133 434 140 491 l
176 481 281 529 meam
309 450 518 552 premerent,
561 458 665 547 quum
694 453 731 521 id
758 478 830 522 non
855 454 977 522 faciunt
1010 456 1064 525 alii
1094 480 1175 529 ver-t

174 584 350 658 seriturque
371 565 408 628 in
427 562 573 629 hostium
601 562 711 626 castris
735 583 774 624 ac
793 584 849 626 sua
872 560 1033 652 praesidia
1056 565 1171 634 dimit·
1258 646 1264 661 ι

176 688 270 738 tonte
296 668 551 735 mediocriterne
571 667 672 733 causis
696 682 832 746 nocent,
854 689 955 756 quum
977 688 1029 736 aut
1052 671 1170 741 adver·
1198 688 1202 699 '

173 760 759 845 sariorumadiunionteconfirmant
789 788 842 836 aut
874 794 928 853 ea,
956 797 1036 864 quae
1057 802 1171 848 sanare

124 954 126 959 ,
173 868 356 975 nequeunt,
382 876 612 964 euulcerant'l¹
635 884 709 952 304.
742 875 859 965 Quid?
893 901 995 969 quum
1010 905 1170 972 persona..

173 1010 269 1064 rum,
312 1010 391 1077 quas
419 982 616 1064 defendunt,
661 984 821 1048 rationem
844 1004 913 1051 uon
941 983 1080 1073 habent,
1128 994 1169 1076 si,
1246 1036 1254 1047 .

128 1146 138 1165 ,
172 1116 256 1185 quae
276 1109 350 1158 sunt
370 1092 406 1187 in
426 1089 478 1156 his
496 1089 675 1170 invidiosa,
695 1112 762 1153 non
780 1088 929 1172 mitigant
953 1095 1168 1180 extenuando,

123 1195 229 1273 seed
251 1192 412 1264 laudando
431 1213 462 1261 et
486 1194 653 1261 efferendo
673 1193 885 1281 invidiosiora
899 1193 1037 1265 faciuntr
1062 1225 1168 1291 quarr-

134 1366 138 1373 .
173 1320 308 1369 tumest
332 1302 369 1367 iu
391 1299 713 1393 eotendemmali?
758 1299 876 1389 Quid?
914 1302 998 1368 siin
1019 1302 1169 1377 hominos

174 1409 278 1477 curos.
292 1392 522 1499 iudicibusque
551 1405 708 1472 iucundos
730 1406 800 1471 sine
820 1402 887 1492 ulla
909 1412 1169 1498 praemunitione

131 1502 134 1509 ¹
174 1513 332 1579 orationis
351 1512 550 1597 acerbiuse‘t
573 1507 835 1597 contumeliosius
856 1512 1031 1581 invehere:
1056 1541 1167 1587 nonne
1256 1588 1259 1593 ,

171 1617 228 1683 abs
248 1634 280 1683 te
301 1604 631 1686 iudicesebalienes?
675 1628 748 1690 305.
779 1617 894 1708 Quid?
914 1620 961 1702 si,
983 1645 1065 1712 quae
1087 1628 1166 1694 viria

146 1724 152 1791 Ϊ
172 1741 226 1791 aut
247 1722 452 1791 incommoda
471 1742 547 1790 sunt
566 1719 735 1813 ineliquo
750 1723 869 1789 ¹iudice
897 1749 963 1792 uno
981 1746 1034 1794 aut
1056 1727 1168 1821 pluri·
1246 1792 1249 1803 .

173 1830 252 1914 bus,
281 1854 319 1895 ea
340 1847 377 1896 tu
398 1829 672 1917 [inladversariis
694 1829 923 1921 exprobrando
947 1857 1016 1898 non
1040 1835 1168 1903 intelli·-
1204 1888 1209 1901 .

171 1959 244 2021 ges,
285 1952 316 2001 te
340 1935 375 1999 in
398 1932 531 2011 iudices'
542 1934 675 2002 invehi:
716 1935 882 2002 mediocre
904 1930 1071 2028 peecatum
1094 1949 1167 2013 est?

173 2040 287 2131 Quid?
311 2044 358 2123 si,
379 2064 481 2132 quum
505 2065 571 2134 pro
590 2038 693 2107 altero
714 2041 818 2124 dicas,
847 2039 938 2106 litem
961 2060 1047 2111 tuam
1072 2047 1168 2118 sacius
1234 2047 1237 2054 ’

171 2165 223 2214 aut
247 2145 349 2213 laesus
372 2146 506 2213 efferare
530 2145 714 2229 iracundia,
735 2144 1068 2241 causamuelinquas:
1108 2156 1165 2220 ni..

171 2251 264 2321 hilne
286 2254 427 2321 noceas?
460 2253 506 2318 -ln
528 2276 595 2343 quo
619 2277 696 2339 ego,
739 2277 808 2319 non
833 2277 898 2342 quo
921 2249 1062 2320 libenter
1082 2258 1167 2327 male

173 2360 320 2442 audiam,
342 2355 399 2424 sed
420 2359 500 2449 quia·
515 2382 639 2427 causam
660 2382 729 2424 non
752 2356 892 2424 libenter
915 2355 1084 2449 relinquo,
1109 2366 1166 2429 ni·
1256 2347 1271 2429 J

172 2466 275 2531 mium
295 2465 419 2555 patiens
437 2481 469 2529 et
487 2461 594 2530 lentus
616 2463 804 2544 existimor,
828 2481 863 2528 ut
880 2487 979 2554 quum
998 2481 1028 2529 te
1046 2467 1165 2557 ipsum,

171 2568 315 2662 Sulpici,
352 2569 587 2654 ,obiurgaham
636 2567 726 2662 quod
756 2570 1007 2636 ministratorem
1028 2589 1166 2663 peteres,

169 2692 304 2708 „uu-—

243 2747 311 2817 Cap.
329 2747 451 2804 LXXV.
492 2748 516 2817 5.
534 2748 596 2801 504.
633 2758 769 2821 quantum
793 2759 835 2802 est
862 2749 893 2803 in
917 2745 971 2818 eo]¹
998 2747 1047 2805 Sic
1073 2752 1166 2809 Huvn.
1231 2812 1238 2823 ,

153 2818 281 2887 uterq„
299 2816 374 2880 Est,
392 2816 456 2871 edd.
474 2822 621 2886 antiquiss.
643 2831 672 2870 et
690 2822 778 2887 vulgo
796 2836 888 2887 usque
907 2820 941 2872 ad
960 2816 1093 2887 Gruter.;
1120 2840 1167 2877 re-

145 2910 149 2915 ·
171 2894 329 2943 stituerunt
347 2885 429 2950 sau,
446 2885 541 2950 Harl,
561 2884 658 2950 ouh„
678 2883 737 2951 Or„
748 2917 784 2928 -
807 2889 907 2957 Vulgo
925 2900 990 2958 post
1008 2889 1090 2946 Grut.
1109 2911 1166 2949 om·

171 2966 223 3013 ἀεὶ.
256 2958 301 3011 Ile
322 2958 466 3025 plerisque
484 2956 564 3008 codd.
585 2960 731 3010 silentium
750 2971 802 3010 est.

187 3026 193 3035 '
241 3028 269 3149 ξ.
289 3028 351 3079 505.
392 3026 422 3078 iu
454 3026 624 3079 adversariis
655 3026 854 3096 exprobrando]
906 3033 943 3081 In
975 3044 1030 3080 otu.
1057 3025 1167 3096 steph„

171 3094 240 3165 ‚hm
262 3114 285 3159 ,3
321 3094 475 3149 delendum
494 3100 606 3148 censuit
622 3097 706 3159 Eru.‚
740 3114 829 3164 quum
847 3113 987 3165 nusquam
1006 3103 1167 3165 reperiatur

172 3167 340 3237 exprobrare
362 3165 473 3235 aliquid
498 3167 528 3216 in
553 3167 663 3237 aliqum
702 3171 784 3218 uncis
802 3172 1031 3239 praepositionem
1049 3169 1167 3219 inclusit

151 3230 241 3300 ,0r.,
258 3250 344 3303 quern
368 3245 483 3287 secutus
502 3251 571 3288 sum.

166 3316 171 3326 ·
202 3334 206 3341 -
240 3307 290 3357 sed
306 3306 373 3377 quia
391 3304 523 3424 causam}y
556 3302 603 3356 Sic
624 3301 719 3370 Guels,
744 3302 789 3367 tt,
809 3300 927 3373 Steph.,
945 3303 1060 3368 Lemb„
1088 3301 1166 3373 sets,-

171 3368 306 3441 Mueller,
334 3367 427 3436 Onu,
449 3390 502 3442 pro
526 3367 619 3434 .Or.‚
639 3378 690 3440 qui
710 3375 855 3440 vulgatum
874 3376 924 3426 red
941 3376 1008 3444 quia
1026 3391 1077 3445 ego
1095 3391 1166 3426 cau.

171 3460 234 3495 sam
253 3446 389 3508 retinuit,
407 3444 456 3494 ssd
476 3458 634 3510 pronomen
654 3446 734 3494 uncis
753 3444 881 3496 inclusit.

240 3512 473 3577 ministratorem]
494 3510 629 3563 Petreius
649 3524 791 3579 comparat
811 3510 869 3568 Cir.
885 3531 913 3582 p.
931 3513 1031 3566 Flacco
1050 3531 1100 3572 220,
1115 3515 1166 3567 53:

139 3616 145 3629 .
169 3580 250 3635 Idem
275 3582 321 3635 hic
347 3581 417 3633 milti
440 3582 615 3632 Moeoudrius
634 3583 714 3650 quasi
732 3583 907 3634 ministrator
924 3585 1044 3648 oderat,
1078 3584 1165 3635 subii-

171 3651 261 3717 ciens,
290 3651 359 3723 quid
376 3651 406 3703 in
423 3669 485 3701 suos
507 3652 579 3702 cives
599 3651 814 3721 civitatemque,
837 3654 875 3713 ¹si
892 3653 1008 3715 vellem,
1036 3654 1166 3706 dicerem.

170 3718 273 3780 Uirum
291 3736 355 3773 ror.
373 3721 548 3772 ministrator
567 3719 601 3773 de
613 3724 629 3771 ·i
654 3736 684 3771 so
704 3720 832 3773 Antonio
850 3737 887 3774 au
911 3721 945 3774 de
963 3722 1020 3776 elio
1041 3723 1166 3791 quodum

170 3787 203 3841 li.
217 3788 238 3843 l.
256 3788 477 3855 intelligendum
492 3793 537 3853 sit,
555 3806 613 3843 non
632 3738 732 3856 liquet.
769 3790 826 3842 Pro
845 3792 1061 3844 ministratorem
1083 3792 1166 3846 codd.

123 3878 127 3885 ·
171 3858 283 3924 aliquot
292 3856 431 3922 Lambini,
451 3875 539 3926 marg.
559 3855 583 3921 d,
604 3857 680 3915 Med.
699 3869 835 3925 utraque,
848 3858 939 3925 Loto,
959 3859 1058 3930 Steph.
1079 3862 1165 3914 exiri-

169 3924 241 3979 beut
264 3938 476 3994 moratorem,
511 3928 662 3996 quodiam
681 3925 835 3983 Lambinus
856 3947 872 3985 e
891 3936 1018 3997 tourgiue
1038 3936 1068 3984 iu
1087 3930 1166 3983 Cice·
1251 3960 1256 3975 .

123 4044 127 4050 .
169 4000 251 4051 runis
269 3995 355 4052 rerba
372 4001 486 4052 senisse
511 4002 671 4065 suspicatus
689 4007 739 4051 est.
1161 4008 1166 4017 ·

948 4130 984 4166 ‘20
