2618 4440
108 213 252 337 ⁴aaa.
507 235 780 381 ..ueuaotus

155 435 227 544 ipos
240 447 393 521 homines
409 466 441 517 et
451 422 566 535 'divina
585 477 691 545 prope
705 419 881 537 memoria,-
891 450 1028 525 Athenis
1042 407 1154 527 liher-
1223 497 1226 502 Δ

28 576 34 593 ·
124 616 130 623 ,
156 554 294 637 medam,
318 558 354 623 in
374 557 467 639 Asia,
489 580 588 648 quem
607 559 718 645 vivere
738 556 956 655 hodieaiu‘nt,
979 561 1154 655 Scepsium

158 657 402 746 Metrodorum,
437 685 581 754 quocum
607 681 755 756 uterque,
782 681 946 757 tamquam
975 663 1079 738 literis
1115 671 1158 745 in,

25 788 29 797 ·
116 763 134 844 s
158 789 249 852 cera,
270 769 318 843 sie
339 791 374 834 se
394 767 497 834 aiebat
517 768 708 854 imaginibus
729 770 765 836 in
786 767 946 854 iisloeis,
981 786 1064 864 quos
1087 772 1154 840 ha·
1233 760 1235 765 ¹

157 872 269 957 beret,
298 896 381 965 quae
412 869 596 941 meminisse
625 871 740 956 vellet,
776 876 991 966 perscribere.
1038 876 1153 965 Quare

158 975 220 1043 bae
247 978 474 1047 exercitatione
502 1002 571 1047 non
600 982 741 1053 eruenda
769 984 924 1053 memoria
944 999 1013 1065 est,
1049 984 1078 1049 si
1103 990 1152 1051 est

156 1079 248 1151 nulla
270 1080 444 1168 naturalis3
465 1083 523 1153 sed
545 1102 651 1168 certe,
666 1085 694 1153 si
713 1082 800 1166 latet,
823 1088 988 1154 evocanda
1009 1103 1068 1153 est.
1139 1068 1145 1079 .
1169 1142 1175 1155 .

199 1240 201 1245 ·
246 1199 322 1266 361.
363 1189 495 1275 Habetis¹
525 1215 709 1261 sermonem
729 1191 815 1273 bene
835 1188 971 1277 longum
996 1190 1152 1275 hominis,

55 1294 58 1301 ’
156 1294 281 1383 utinam
303 1321 373 1366 non
395 1295 609 1391 impudentis,
640 1294 723 1364 illud
747 1295 881 1389 quidem
901 1315 990 1393 certe
1008 1320 1077 1364 nou
1094 1299 1153 1363 ni-

52 1484 56 1491 ·
116 1487 121 1507 Ι
155 1401 219 1468 mis
242 1402 438 1489 verecundi3
471 1406 528 1497 qui
550 1405 702 1496 quidem,
726 1427 826 1495 quum
847 1420 897 1482 te,
920 1399 1050 1485 Catule„
1084 1423 1156 1472 tum

93 1572 96 1577 ,
157 1502 256 1575 etiain
285 1512 325 1577 L.
354 1510 470 1580 Crasso
496 1510 664 1593 audiente,
697 1510 739 1577 dc
771 1507 901 1578 dicendi
931 1513 1058 1577 ratione
1087 1525 1154 1576 tam
1184 1585 1187 1591 ¹

58 1690 62 1697 ι
157 1610 260 1679 multa
279 1613 429 1684 dixerim.
482 1598 573 1682 Nim-
593 1616 730 1680 istorum
759 1630 842 1679 aetus
865 1614 1058 1680 “minus'me
1080 1613 1155 1683 lor-

71 1706 75 1711 ’
157 1731 239 1782 tasse
258 1740 391 1785 movere
414 1717 536 1784 debuit.
594 1717 661 1784 Sed
688 1717 769 1782 mihi
794 1718 966 1799 ignoscetis
990 1720 1169 1812 profectm·

156 1819 185 1884 si
207 1817 318 1897 modo,
348 1843 429 1910 quae
450 1842 545 1886 causa
563 1819 679 1911 menad
700 1821 785 1897 hanc
804 1818 970 1890 insolitam
993 1825 1075 1889 mihi
1096 1824 1155 1917 lo'.

153 1923 348 2015 quacitatem
371 1920 556 2016 impulerit,
580 1925 779 2016 acceperitis.

1 2068 3 2076 .
97 2115 103 2119 .
213 2026 520 2133 ,Lxxxmep
553 2030 723 2123 Nostero,
739 2026 999 2121 inquitCatulus,
1017 2035 1154 2118 (etenim

156 2156 289 2226 prome
301 2135 370 2235 boc
391 2153 423 2202 et
443 2158 508 2229 pro
527 2142 604 2204 'meo
631 2135 729 2203 sratre
744 2135 942 2228 respondeo)
965 2159 1032 2203 non
1050 2138 1153 2208 modo

156 2241 216 2309 tibi
239 2243 448 2328 ignoscimus,
468 2239 527 2311 sed
541 2259 573 2310 te
594 2240 760 2328 diligimus
778 2265 989 2332 magnamque
1010 2243 1069 2308 tibi
1089 2242 1155 2310 ha.

68 2361 73 2367 “
105 2392 107 2397 .
156 2346 270 2447 bemus
293 2350 447 2434 gratiam3
486 2365 519 2416 et
538 2373 640 2440 quum
659 2346 891 2415 humanitatem
914 2364 946 2413 et
971 2346 1157 2420 facilitatem

103 2516 111 2533 ,
157 2456 358 2537 agnoscimus
376 2471 482 2536 tuam,
522 2471 593 2520 tum
609 2451 805 2519 admiramur
826 2454 918 2520 istam
938 2455 1103 2519 scientiam
1123 2475 1157 2524 et

158 2561 296 2651 copiam.
333 2541 607 2650 Equidemetiam
620 2559 685 2626 hoc
697 2582 749 2623 me
761 2577 938 2624 assecutum
953 2577 1046 2650 puto,
1064 2560 1156 2652 quod

157 2687 274 2749 magno
295 2687 367 2731 sum
384 2661 506 2729 levatus
530 2685 646 2728 errore
666 2679 698 2729 et
719 2659 777 2727 illa
798 2662 1011 2729 admiratione
1031 2663 1156 2732 libcra-

157 2787 218 2852 tus,
237 2767 327 2858 quod
347 2764 462 2853 multis¹
483 2766 561 2835 cum'
576 2764 648 2833 aliis
666 2781 797 2860 ‘semper
824 2761 975 2845 admirari
997 2767 1154 2853 solebam,

157 2873 244 2941 unde
275 2891 356 2941 esset
386 2870 444 2938 illa
474 2890 561 2961 tanta
590 2891 644 2940 tua
672 2874 708 2940 in
730 2875 830 2939 causis
864 2871 1024 2940 diviuitas.
1085 2879 1157 2943 Nec

158 2981 246 3046 enim
268 2997 299 3047 te
328 2981 387 3047 ista
411 2981 547 3064 attigisse
571 2978 769 3062 arbitrabar,
805 3002 887 3070 quae
909 2976 1156 3063 diligentissime

158 3100 315 3174 cognosse
343 3104 376 3152 et
404 3085 548 3178 undique
576 3081 744 3168 collegisse
767 3108 891 3174 usuque
921 3084 1053 3150 doctum
1073 3111 1156 3176 par-

157 3196 218 3263 tim
237 3195 414 3262 'correxisse
431 3189 537 3275 video,
553 3196 673 3283 partim
688 3191 927 3283 comprobasse.
948 3202 1022 3267 363.
1040 3193 1156 3285 Neque

157 3376 225 3432 indo
247 3375 282 3430 ab
301 3375 449 3441 antiquiss.
489 3369 564 3441 Vide
588 3367 624 3422 sd
643 3368 665 3421 l.
686 3385 726 3420 tt.
745 3368 779 3421 45
800 3379 829 3421 at
851 3369 890 3421 18.
912 3369 957 3422 84.
983 3368 1046 3421 ·Da
1064 3368 1156 3422 Char-

157 3448 245 3502 made
262 3447 398 3500 memoria
417 3441 469 3499 cfr.
486 3438 542 3495 Cic.
563 3439 587 3496 Ι.
604 3438 690 3493 Tuso.
706 3440 749 3494 24.
769 3439 812 3510 59.
834 3462 870 3483 ·-
891 3441 1068 3491 Metrodorus
1087 3445 1157 3493 Sec·

156 3521 246 3586 ptius,
264 3517 371 3584 Scepsi,
390 3511 491 3579 Mysia
509 3507 598 3575 urbe,
625 3504 782 3570 oriundus,
802 3507 899 3561 rhetor
918 3519 947 3559 et
965 3509 1156 3576 philosophus

158 3588 334 3644 academicus
352 3585 415 3650 (ill.
435 3600 475 3634 20.
498 3582 554 3650 75),
571 3578 605 3631 de
620 3581 704 3630 cuius
718 3582 853 3630 ruetuoria
871 3587 899 3629 at
920 3593 955 3627 uo
974 3581 1004 3627 iu
1021 3594 1052 3630 ea
1069 3595 1156 3631 exar-

128 3682 130 3686 »
159 3655 246 3707 oeuda
265 3669 324 3708 arte
344 3655 395 3709 cl'r.
412 3649 468 3703 Cio.
480 3652 510 3702 Ἰ.
531 3650 616 3702 Tuso.
633 3646 680 3722 [αλ-4.
702 3648 745 3717 59,
764 3643 888 3712 Quintil.
938 3675 946 3695 .
963 3645 989 3699 6.
1009 3649 1035 3709 4,
1055 3648 1107 3700 XI.
1127 3664 1154 3702 2.

160 3725 204 3788 26,
223 3723 299 3775 Pliu.
319 3723 354 3777 H.
375 3723 411 3774 N.
432 3721 495 3777 Vll.
514 3721 556 3770 el.
660 3737 663 3742 ’

230 3794 254 3859 ξ.
272 3795 333 3847 56ι.
367 3792 440 3843 illud
457 3792 564 3861 quidem
583 3786 667 3855 certe]
706 3783 753 3837 Sic
772 3797 870 3836 omues
900 3782 984 3838 codd.
1012 3795 1041 3836 et
1066 3785 1155 3851 vulgo

159 3867 223 3920 edd,
247 3890 282 3902 —-
308 3862 380 3912 illud
410 3863 518 3930 quidem
540 3857 652 3910 delenti.
678 3859 790 3908 censuit
815 3855 898 3915 Erm,
927 3856 1019 3906 solum
1046 3856 1156 3933 puidam

160 3932 291 3992 elicioud.
316 3935 427 3996 putarit
450 3929 518 3986 soh.
540 3956 575 3968 -
600 3927 681 3982 illurn
706 3925 814 3998 quidam
840 3932 915 3977 certe
937 3928 1045 3980 ecoui.
1066 3924 1158 3979 edldlt
1216 3972 1220 3977 .

160 4006 337 4087 Muellerus·
421 4048 424 4065 .
