2618 4440
332 172 358 231 ai

92 200 97 209 Ι
175 266 243 336 did
555 262 803 339 CICERONIS·

81 456 106 500 ·'
177 455 246 525 illu
273 462 353 520 sunt
380 449 574 555 caedenda,
614 457 647 525 si
664 460 706 524 l.
726 457 890 527 Crassum
916 460 971 529 vis
995 448 1179 548 coerceres

177 564 262 630 hacc
292 558 354 625 tibi
383 571 434 639 est
454 558 642 628 excidenda
672 565 818 652 lingum
860 589 931 655 qua
956 568 1013 636 u'cl
1041 572 1178 653 evulso,
1238 586 1247 594 “

176 667 304 757 spiritu
320 666 394 752 ipso
414 662 593 731 lididinem
610 677 708 733 tuam
724 667 865 736 libertae
877 695 961 756 ‘mea
974 671 1156 761 refutabit.

278 769 322 835 II.
343 778 377 842 5.
430 766 597 835 Permulta
623 787 695 836 tum
722 770 1006 841 uehementissime
1032 796 1176 847 couten-
1211 807 1218 823 ¹

178 876 269 943 tione
286 871 405 954 animi,
426 874 561 958 ingenii,
592 874 732 960 virium,
766 877 868 946 abeo
890 879 976 947 dieta
996 905 1066 948 esse
1088 907 1175 952 eou-

176 980 298 1061 stabat3
329 980 587 1070 sententiamque
614 1003 704 1064 eum,
740 1005 837 1073 quam
862 1003 990 1053 senatur
1019 982 1201 1080 bequeus'

174 1102 301 1153 secutus
324 1101 372 1152 est
394 1084 606 1153 ornari'ssimis
622 1102 656 1152 et
674 1088 870 1171 gravasimis
890 1091 1020 1161 verbis:
1049 1100 1175 1191 Utpo-
1277 1158 1280 1168 .

171 1194 259 1282 pulo
277 1195 436 1260 Romano
464 1189 668 1280 safflfieret,
708 1174 885 1284 nunquam
906 1211 1045 1265 unctae
1063 1215 1175 1290 neque
1223 1220 1234 1229 ”

176 1299 356 1367 eonsilium
379 1299 432 1367 rei
446 1297 608 1388 publicae
627 1323 734 1389 neque
741 1298 858 1386 fidem
878 1299 1049 1391 defuisse,
1069 1305 1111 1370 ab
1130 1330 1173 1374 eo

153 1386 313 1490 ‘dictam3
348 1420 381 1470 et
400 1402 539 1471 eundem
563 1401 614 1496 (id
642 1401 734 1495 quod
754 1405 790 1471 in
811 1400 1051 1475 aumoritatibus
1074 1434 1174 1502 prae·

174 1513 305 1604 seriptis
327 1507 439 1598 exuat)
460 1508 635 1576 scribendo
660 1508 798 1579 affuisse.
858 1521 890 1586 6.
930 1509 992 1579 Ilia
1011 1531 1176 1607 tamquam

174 1639 295 1707 cycnea
311 1613 375 1679 suit
394 1613 498 1678 divini
519 1612 663 1680 bominis
685 1636 750 1682 vox
766 1630 800 1680 et
821 1618 939 1700 oratio,
962 1643 1060 1710 quam
1084 1623 1176 1712 quasi

173 1732 393 1810 exspectantes
421 1732 498 1806 post
525 1717 593 1782 eius
623 1718 791 1784 interitum
821 1722 1028 1790 veniebamus
1051 1726 1088 1790 iu
1109 1749 1172 1793 cu·
1204 1808 1213 1821 ι
1269 1788 1272 1797 ,

171 1857 310 1879 ,1-

222 1980 225 1985 ,
244 1920 311 1983 'gunt
329 1921 472 1993 roedenda]
507 1920 556 1978 sic
573 1921 667 1983 Horu.
684 1933 787 1994 uterq„
811 1918 894 1980 0¹¹·
910 1930 1050 1998 plerique,
1069 1896 1168 1993 Gueif·

76 2026 80 2031 .
172 1996 210 2066 Α,
227 1997 261 2064 Β,
279 1995 301 2051 c
320 2009 349 2050 et
366 1997 456 2064 vulgo
470 1993 539 2048 iude
557 1993 593 2048 eb
611 1993 680 2056 Ali.
697 2021 733 2041 v·
752 2004 819 2048 sunt
842 1999 948 2050 edenda
975 2001 1032 2055 Erl.
1048 2028 1082 2044 -
1101 2015 1171 2059 sunt
1263 2002 1267 2010 ’

172 2070 341 2126 concidenda
358 2066 421 2123 cod.
437 2061 545 2131 Lamb.;
560 2082 591 2135 u,
610 2064 674 2121 edd.
694 2063 851 2133 antiquiss„
871 2064 947 2130 Ern,
969 2067 1048 2120 Harl.

185 2156 205 2194 ’,
241 2140 268 2192 ri
286 2135 481 2204 L..0rcsrum]
525 2134 574 2189 Sic
593 2134 660 2188 Vel.
677 2132 788 2202 Stepb·‚
807 2151 841 2205 ψ,
856 2132 952 2199 Gueil',
975 2137 1013 2204 A,
1030 2136 1099 2195 eddi
1116 2157 1170 2193 au-

169 2208 299 2280 riquier„
319 2204 385 2263 sch.
402 2210 433 2259 iu
452 2206 496 2258 ed.
512 2201 814 2271 mai.‚·0r.·-Vulgo
831 2209 975 2258 omittitur
994 2223 1168 2274 praeuomeu.
1265 2262 1269 2269 ,

241 2289 285 2333 est
303 2275 464 2344 excidenda]
500 2273 547 2328 Sic
565 2276 697 2345 plerique
715 2272 808 2336 codd..
835 2284 868 2326 ut
884 2276 1006 2338 ridetur,
1032 2286 1060 2327 et
1078 2280 1169 2346 vulgo
1250 2290 1258 2309 ‘

170 2347 238 2413 lude
257 2346 292 2402 'ab
311 2351 458 2417 antiquiss·
477 2345 542 2403 edd.
564 2371 600 2384 —
625 2353 669 2396 est
687 2344 819 2418 credenda
835 2339 861 2398 d.
886 2368 923 2385 ·-
940 2354 982 2396 ert
1000 2347 1170 2403 concidenda

331 2414 357 2471 d.
383 2444 419 2455 -
441 2425 484 2468 est
511 2415 657 2466 incidenda
682 2413 743 2471 Pal.
766 2431 818 2480 pu,
845 2427 910 2473 sec..
934 2412 1021 2469 Mem.
1049 2416 1169 2472 mernbr.

7 2432 13 2441 '
67 2522 71 2541 ι
169 2426 307 2556 iiiviri..
326 2486 390 2540 cod.
408 2482 535 2549 Lamb.),
560 2481 657 2538 Gueli.
673 2479 710 2546 A,
735 2480 811 2544 Sch„
838 2479 924 2544 Harl„
941 2481 1075 2537 Mueller.
1110 2485 1169 2543 Sed
1245 2476 1249 2483 ¹

147 2558 151 2563 '
170 2567 248 2610 recte
266 2552 335 2610 Ona
360 2554 438 2606 ”Hoc
458 2552 557 2633 putide
576 2562 605 2602 et
620 2550 681 2603 lere
700 2550 820 2602 ridicule
838 2549 947 2602 dictum
969 2553 1102 2620 equidem
1120 2574 1169 2610 ar-
1211 2580 1238 2619 ,τ

169 2625 272 2691 bitror,
291 2625 392 2694 lingua
410 2625 517 2682 incisa3
541 2635 636 2686 neque
651 2618 727 2670 idem
744 2628 786 2670 est
803 2619 930 2670 excidere
947 2632 975 2672 et
992 2623 1116 2687 evellere,
1134 2637 1168 2680 ut

170 2705 252 2763 putet
270 2690 353 2754 Sch.;
373 2692 460 2743 slmili
478 2693 554 2741 enim
570 2686 737 2754 gradatione
751 2684 810 2743 Cic.
826 2702 872 2756 ep.
890 2688 926 2741 ad
942 2687 1117 2745 Attic.‘XV.
1134 2699 1167 2748 (η

169 2762 263 2818 Arbor
280 2763 382 2823 excisa,
399 2778 453 2811 non
470 2758 596 2812 evulsa.”

241 2828 308 2899 Cep.
327 2830 364 2881 li.
381 2829 404 2896 5.
426 2828 452 2883 i.
487 2824 707 2879 auctoritatibus
727 2825 914 2896 proscriptis]
949 2825 997 2882 Sic
1016 2827 1167 2886 Bonum}
1265 2880 1269 2885 ³

169 2899 235 2957 cod.
251 2918 267 2952 s
284 2899 394 2956 Manat.
415 2899 576 2963 (comment.
593 2895 633 2948 ad
650 2893 709 2948 Cic.
727 2912 771 2965 ep.
790 2897 825 2949 ad
845 2898 920 2950 Fam.
938 2897 976 2950 V.
995 2904 1023 2964 2)
1043 2916 1166 2955 conune.

164 2962 314 3033 ineratus,
338 2967 440 3032 Mend,
465 2972 494 3037 β,
511 2961 529 3020 d
546 2983 561 3018 a
580 2981 636 3022 sec.
654 2964 757 3032 mauu,
782 2965 897 3031 Eruli),
922 2967 985 3023 edd.
1006 2974 1166 3037 antiquiss„

169 3040 268 3097 Pcarc.
293 3050 322 3092 et
347 3047 463 3092 receutt.
489 3046 554 3104 post
568 3028 640 3091 Ero.
660 3058 693 3074 -·
721 3034 819 3103 Vulgo
844 3035 926 3088 codd.
954 3040 1051 3104 (etiem
1072 3039 1166 3093 Harn.

170 3110 276 3177 uterq.)
295 3119 324 3161 et
342 3107 406 3160 edd.
422 3104 488 3160 iude
506 3103 541 3157 ab
559 3102 625 3158 Ald.
647 3114 724 3162 auct.
745 3106 931 3174 perscriptis.
942 3133 978 3146 -
994 3110 1165 3162 Auctorita-

168 3191 213 3234 τρε
226 3179 405 3302 praescriptae
422 3172 590 3228 dicebantur
610 3178 725 3226 nomina
742 3184 915 3238 senatorum,
936 3180 986 3242 qui
1006 3177 1165 3232 adfuissent

168 3253 225 3304 scri
247 3249 330 3315 endo,
348 3246 426 3316 quod
445 3261 546 3297 eorum
563 3249 679 3296 uomina
692 3254 763 3296 aute
785 3245 1065 3300 senatusconsultum
1088 3253 1163 3301 scri·
1241 3270 1243 3275 ·

167 3317 325 3379 bebauturt
352 3320 552 3369 auctoritatum
579 3317 805 3382 prascriptarum
822 3315 985 3382 exemplum
1013 3327 1107 3370 exstat
1131 3322 1163 3372 iu

138 3383 140 3387 ¹
167 3386 227 3443 Cic·
244 3393 327 3458 epist.
344 3386 377 3439 ad
398 3382 569 3438 uam.v11i.
589 3384 613 3436 8.
634 3384 667 3445 ὅ;
685 3383 737 3438 cir.
755 3381 865 3436 Manut.
886 3386 906 3436 l.
924 3400 948 3440 c.
1158 3408 1162 3413 ·

238 3458 259 3526 5.
281 3457 322 3512 6.·
344 3474 426 3527 quam
446 3453 529 3525 quasi
545 3453 746 3522 exspectantes]
784 3449 835 3503 ”Si
852 3453 998 3506 hominem
1016 3453 1161 3509 desidere·

166 3530 306 3581 tissimum
322 3536 387 3595 post
405 3530 467 3577 eius
483 3533 603 3575 mortem
618 3526 737 3574 incuria
756 3525 836 3588 quasi
855 3522 1037 3592 exspectabat
1051 3521 1161 3597 Cicero,

165 3612 233 3660 uon,
253 3607 332 3664 puto,
352 3606 384 3646 ut
401 3593 493 3646 sorana
507 3595 635 3660 corporis
654 3592 868 3658 contemplanda
886 3593 1083 3657 delectaretur,
1110 3595 1160 3647 red

66 3664 75 3675 '
165 3675 199 3716 ut
223 3668 386 3733 eloquentia
411 3667 489 3727 eius,
515 3659 592 3713 haud
617 3659 704 3712 dubie
725 3677 815 3713 uocem
841 3664 926 3712 etiarn
952 3667 1029 3723 eius,
1056 3668 1081 3715 si
1101 3680 1161 3717 nou

163 3751 303 3803 cycneam,
321 3745 349 3786 ut
367 3748 467 3786 rocem
485 3741 579 3783 tamen
598 3729 683 3781 simul
702 3739 730 3780 et
748 3731 889 3796 praecipue
911 3730 1102 3800 exspectabat,
1127 3743 1162 3786 ut

162 3820 202 3857 ex
227 3807 289 3856 eiu‘s
314 3817 384 3856 rocc
410 3814 439 3854 et
463 3802 626 3868 eloquentia
652 3797 778 3851 fructum
804 3809 925 3866 caperet
970 3801 1070 3868 Itaque
1100 3818 1161 3873 nou
1267 3814 1275 3824 ·

164 3887 237 3941 opus
256 3882 299 3956 est
321 3886 387 3925 cum
405 3868 560 3955 Sebuetzio
582 3867 624 3934 [ct
641 3865 799 3929 Muellero,
824 3871 875 3953 qui
886 3878 988 3954 ⁸tamen
1006 3882 1105 3956 postea
1123 3876 1156 3925 in

162 3938 399 4085 {illidii
417 3938 546 4081 Silai·
564 3935 1068 4065 lalihilsilafilltltil
1085 3945 1159 4076 il:
1185 3987 1188 3993 ·
