2618 4440
132 266 136 273 ’
177 273 243 352 stt
557 262 796 339 CICERONIS

175 457 360 543 Scaevolae,
383 457 441 553 qui
459 460 678 545 excogitasset,
700 460 787 529 nasei
802 459 894 554 prius
909 474 1064 553 oportere
1076 482 1181 556 quam
1273 470 1276 477 '

174 571 301 651 emor13
324 590 490 660 quumque
505 563 606 633 multa
626 564 799 653 colligeres
820 585 853 633 et
873 592 913 634 ex
933 565 1057 653 legibue
1082 587 1116 637 et
1126 594 1181 657 ,ex

173 668 455 747 senatusconsultis
477 689 510 738 et
530 695 569 738 ex
590 674 656 738 vita
677 695 714 738 ac
735 696 887 743 sermone
904 674 1080 758 communi,
1104 699 1180 745 non
1207 732 1213 747 ,

172 783 273 853 modo
290 796 392 865 acute,
408 775 466 842 sed
479 777 574 843 etiam
584 775 722 844 ridicule
739 802 777 844 ac
791 778 912 860 facete,
935 778 1003 864 ubi,
1020 780 1049 847 si
1063 780 1207 866 rer-lm,a

173 914 243 959 non
266 910 338 955 ram
363 896 591 974 sequeremur,
622 883 740 951 confici
766 882 850 953 nihil
873 901 995 977 posset.
1059 876 1179 980 tuque

171 993 343 1063 hilaritatis
362 987 498 1082 plenum
522 987 682 1057 iudicium
711 1013 748 1056 ac
770 988 907 1057 laetitiae
936 988 1015 1071 fuit3
1047 990 1083 1057 in
1104 1015 1178 1083 quo

174 1099 258 1195 quid
276 1098 345 1189 tibi*
358 1096 437 1162 iuris
458 1092 562 1163 civilis
582 1096 770 1165 exercitatio
789 1093 962 1188 profirerit,
984 1118 1053 1163 uon
1071 1094 1179 1165 intel-

172 1208 264 1295 lig03
284 1201 416 1273 dicendi
437 1203 486 1269 ris
507 1202 646 1287 egregia,
672 1224 797 1269 summa
817 1200 987 1269 festivitate
1009 1217 1177 1271 strenu-

171 1333 251 1383 state
276 1311 457 1389 coniuncta,
486 1307 622 1400 profuit.
663 1315 745 1383 244..
764 1307 837 1399 Ipse
859 1303 917 1372 ille
936 1305 1076 1390 Mucius,
1106 1330 1176 1399 pa-

168 1422 254 1489 terni
284 1418 365 1485 iuris
388 1411 540 1481 defensor
569 1432 601 1481 et
621 1417 712 1505 quasi
734 1411 924 1506 patrimonii
944 1430 1177 1503 propugnator
1238 1402 1242 1421 ²

167 1529 229 1609 sui,
252 1523 333 1616 quid
356 1516 469 1587 inilia
489 1542 591 1602 causa,
613 1543 716 1610 quum
736 1536 851 1587 contra
872 1534 905 1585 te
926 1515 1061 1601 diceret,
1082 1534 1175 1587 attu-

168 1631 218 1716 lit,
243 1627 335 1722 quod
348 1626 389 1694 de
404 1627 476 1691 iure
497 1622 593 1691 civili.
606 1622 841 1716 depromptum
857 1621 1048 1689 videretur?
1071 1647 1175 1717 qaum

166 1735 275 1822 legem
294 1731 442 1801 recitavit
450 1733 473 1829 i.
502 1728 584 1820 quid
603 1728 754 1820 patefecit
770 1726 923 1809 dicendo,
945 1726 1036 1822 quod
1056 1727 1174 1801 fuisset

166 1841 328 1934 imperitis
344 1833 524 1903 occultius?
567 1824 694 1924 Ne'mpe
708 1835 776 1900 eius
797 1836 904 1903 omnis
919 1835 1024 1901 oratio
1045 1830 1175 1905 ¹uersata

168 1949 269 2015 estin
281 1969 332 2027 co,
348 1961 384 2010 ut
399 1942 462 2007 scri
465 1958 558 2033 ptum
571 1936 749 2031 plurimum
762 1936 870 2007 valere
885 1956 1039 2032 oportere
1051 1934 1174 2009 defen-

166 2053 270 2120 dsret.
311 2050 356 2117 Aa
368 2050 404 2115 in
417 2048 482 2114 hoc
494 2069 612 2132 genere
626 2046 721 2135 pueri
732 2045 819 2139 apud
829 2047 997 2130 magistros
1010 2069 1173 2115 exercen-

166 2176 220 2228 tur
247 2180 378 2238 omnes,
415 2178 516 2246 quum
540 2153 573 2217 in
596 2150 754 2219 eiusmodi
773 2151 875 2219 causis
898 2147 1171 2245 alias-scriptum,

165 2263 243 2331 alias
257 2263 448 2354 aequitatem
469 2257 644 2325 defendere
668 2257 838 2327 docentur.
883 2265 957 2334 245.
978 2257 1032 2341 Et,
1054 2258 1179 2346 credo,-
1280 2294 1283 2299 -

163 2373 199 2439 in
216 2368 271 2436 illa
288 2366 517 2449 militiscausa,
546 2367 573 2431 si
590 2382 626 2431 tu
645 2382 698 2430 aut
713 2361 869 2429 heredem
884 2380 936 2427 aut
951 2360 1089 2431 militem
1105 2363 1172 2432 de-
1263 2406 1266 2411 -

160 2477 328 2557 fendisses‚
349 2473 391 2540 ad
406 2469 600 2541 Hostilianas
614 2487 646 2534 te
663 2470 823 2553 actiones,
846 2493 919 2567 nou
934 2468 977 2535 ad
995 2487 1081 2537 tuam
1096 2472 1169 2541 vina

162 2603 194 2653 et
211 2584 388 2651 oratoriam
401 2577 584 2644 facultatem
604 2572 805 2641 contulisses.
850 2579 905 2643 Tu
926 2597 1026 2659 vero,
1055 2574 1168 2647 vel'ai

160 2672 386 2757 testamentum
401 2681 607 2763 defenderes,
629 2682 676 2746 sic
697 2692 823 2765 ageres,
847 2699 883 2747 ut
904 2705 1001 2749 omne
1014 2664 1168 2753 omniunt

53 2792 56 2797 ’
163 2808 430 2861 testamentorum
457 2793 506 2854 ius
534 2789 569 2855 in
599 2811 639 2854 eo
662 2787 783 2853 iudicio
808 2784 951 2879 positum
975 2786 1167 2875 videretur3
1197 2812 1204 2829 ‘

153 2897 215 2968 .vel
240 2900 268 2964 si
291 2920 416 2971 eausam
429 2917 539 2979 ageres
555 2891 677 2975 militis,
700 2910 825 2986 patrem
840 2895 919 2985 eius,
940 2911 976 2960 ut
990 2891 1086 2979 soles,
1107 2894 1169 2963 di·
1231 2974 1234 2979 Ι

162 3005 266 3074 cende
297 3029 314 3071 a
342 3003 478 3069 mortuis
506 3001 692 3081 excitasses3
733 3004 892 3067 statuisses
923 3016 995 3066 aute
1026 2998 1167 3086 oeulos3

160 3108 349 3204 complexus
366 3125 447 3173 esset
466 3100 572 3172 filium
587 3105 731 3198 flensque
750 3130 825 3171 eum
848 3107 1054 3174 centumvir-is
1068 3131 1168 3176 cont-

158 3217 361 3297 mendasset3
383 3211 505 3306 lapides
528 3209 716 3279 mehercule
741 3222 852 3279 omnes
875 3209 954 3275 ssere
975 3236 1013 3279 ac
1033 3208 1166 3304 lamen.

158 3328 219 3393 tari
240 3324 413 3409 coegisset,
443 3337 479 3386 ut
497 3336 602 3386 totum
623 3314 724 3402 illud,
755 3334 821 3383 Urt
844 3334 988 3384 LtrtGUA
1012 3336 1164 3385 rturtctt-
1256 3336 1263 3349 ·

160 3451 299 3469 m

229 3529 254 3597 ᾗ.
273 3525 333 3579 245.
369 3522 410 3577 cd
429 3506 607 3575 Hostilianas
622 3517 806 3588 -eets'anes]
849 3520 907 3573 Has
925 3490 1052 3573 actiones
1070 3531 1162 3575 testa-

157 3600 308 3651 mentariae
325 3594 430 3661 fuisse,
457 3610 494 3645 est
511 3593 542 3647 h.
562 3593 582 3644 l.
599 3602 725 3660 apparet.
766 3588 824 3646 etr.
844 3588 929 3658 Ilugo
948 3588 1051 3646 Geaeh.
1072 3590 1101 3651 d,
1115 3592 1162 3668 lt.

156 3667 192 3722 tt.
210 3683 239 3735 p.
257 3667 308 3732 287
327 3674 356 3716 et
374 3681 404 3731 p.
422 3663 474 3732 507
494 3662 539 3714 ed.
559 3661 619 3713 fite.

228 3733 438 3804 defenderes-
453 3750 562 3802 agens,
581 3746 730 3800 ageres-
745 3728 906 3796 suscitasses]
940 3729 984 3783 De
1001 3730 1055 3784 hac
1074 3730 1160 3783 ertal-
1188 3770 1191 3775 .

156 3804 222 3873 lage
240 3815 401 3869 temporum
419 3802 477 3856 rid.
499 3800 631 3867 Krueger
648 3798 905 3866 Untersuchuugen
923 3817 973 3853 aus
990 3801 1017 3859 d.
1034 3799 1159 3855 Gehieto

155 3876 184 3930 d.
210 3873 273 3928 Lat.
292 3871 481 3940 Sprschlehre
507 3871 574 3925 fasc.
593 3869 637 3923 tt·
648 3885 678 3938 p.
701 3884 769 3931 2123
794 3867 848 3921 cfr.
866 3868 1003 3923 Matthiae
1029 3872 1066 3925 ad
1084 3882 1159 3930 orat.

154 3963 209 4018 pro
227 3945 332 3998 Roscio
350 3939 512 3998 Amulii.
534 3940 594 3995 103.
1128 3998 1132 4005 Ι

222 4011 366 4090 coegisset]
405 4005 454 4065 Sic
472 4009 555 4067 codd.
573 4023 602 4068 st
620 4013 700 4083 vulg.
720 4007 785 4065 edd.
802 4039 838 4053 -
858 4012 991 4083 coegisses
1008 4007 1102 4067 Horu.
1118 4006 1157 4075 B,
1239 4012 1247 4031 '
