2618 4440
115 287 132 311 ·
239 346 242 353 .
340 285 441 354 nt:
463 278 677 351 Oueiniata
699 272 830 351 suist.
855 296 907 359 ιο.
930 297 982 359 11.
1134 270 1181 358 23

886 436 893 462 l

181 462 376 546 Charmadas
405 466 448 544 et'
469 464 689 548 Clitomachus
721 493 764 543 et‘
779 475 953 546 Aeschines
974 471 1175 543 obtinebant.

168 572 259 660 {Erat
280 570 376 650 etiam
397 583 624 666 Metrodorus,
656 578 812 674 quicum
830 579 896 649 illis
917 606 980 646 una
1003 563 1193 670 ipsum=il-=¹

179 685 249 754 lum
266 687 466 756 Carneadem
487 686 673 774 diligentius
695 676 849 770 audierat
870 685 1043 754 hominum
1064 686 1175 755 omni-

179 808 236 859 um
259 790 462 878 indicendo,
483 812 518 861 nt
538 794 694 878 ferebant,
717 795 911 861 acerrimum
931 810 963 858 et
984 793 1176 884 copiosissi-

109 924 113 932 ·
179 923 279 966 mum.
326 901 462 986 Vigebat
482 898 610 968 auditor
625 902 766 967 Panaetii
783 896 872 964 illius
890 898 939 964 tui
952 895 1177 980 Mnesarchus

159 1021 210 1070 ‘et
227 1005 445 1099 Peripatetici
470 1005 607 1075 Critolai
639 1006 815 1074 Diodorus.
873 1013 927 1079 46.
955 1002 1053 1090 Multi
1082 1005 1201 1069 erant*

99 1114 102 1119 ’
176 1128 343 1202 praeterea
371 1108 451 1178 clari
479 1114 514 1178 in
544 1111 754 1206 philosophia
778 1128 810 1178 et
830 1108 977 1192 nobiles,
1014 1107 1176 1200 aquibus

179 1217 409 1283 omnibus-una
431 1208 774 1310 praeessem-'repelli
796 1234 991 1283 oratorema
1011 1213 1175 1298 guberua-
1196 1222 1199 1227 '

179 1319 260 1386 culis
285 1323 467 1403 civitatum,
496 1321 625 1389 excludi
646 1324 687 1388 ab
704 1324 806 1388 -omni
829 1320 978 1388 doctrina
999 1316 1176 1410 rerumque

177 1428 338 1492 maiorum
361 1429 493 1493 scientia
518 1451 555 1492 ac
583 1443 706 1492 tantum
728 1427 764 1490 in
782 1424 900 1492 iudicia
921 1442 953 1490 et
975 1412 1176 1490 concinam-⁸

181 1529 246 1612 las,
271 1550 422 1621 tanquam
446 1531 480 1595 in
499 1529 631 1623 aliquod
649 1510 842 1622 pistrillum,
874 1528 1005 1597 detrudi
1027 1545 1060 1595 et
1082 1550 1192 1607 com-'3

179 1637 273 1728 pingi
296 1635 456 1703 videbam.
513 1645 568 1710 47.
591 1635 656 1703 Sed
676 1660 863 1727 egoncque
884 1633 951 1701 illis
970 1634 1178 1716 assentiebar,

177 1766 287 1832 neque-
321 1740 437 1807 harum
474 1740 729 1833 disputationum
762 1743 927 1811 inventori
959 1758 992 1808 et
1029 1741 1176 1833 principi
1285 1776 1288 1781 ·

159 1844 274 1932 'longe
305 1847 451 1913 oinnium
475 1848 509 1912 in
539 1847 681 1917 dicendo
702 1850 892 1934 gravissimo
915 1865 949 1943 et
971 1845 1175 1939 eloquentis-

176 1953 272 2031 simo,
291 1949 430 2034 Platoni,
457 1943 546 2019 cuius
568 1972 637 2020 tum
660 1953 798 2021 Athenis
817 1979 893 2022 cnm
916 1952 1099 2019 Charmada
1117 1946 1175 2020 'di-

120 2132 128 2146 .
175 2055 326 2143 ligentins
349 2055 414 2143 legi
437 2060 614 2144 Gorgiam3
638 2064 704 2149 quo
728 2061 764 2124 in
787 2057 875 2128 libro
899 2060 935 2124 in
952 2057 1018 2125 hoc
1037 2059 1175 2124 maximo
1259 2110 1267 2129 .

175 2163 359 2231 admirabar
376 2158 565 2244 Platonem,
603 2155 702 2255 quod
725 2165 808 2231 mihi
830 2165 866 2231 in
889 2163 1072 2232 oratoribus
1093 2162 1175 2231 irri—
1235 2218 1240 2225 .

244 2391 434 2464 Metrodorus]
481 2391 533 2446 Est
559 2393 622 2445 aine
652 2390 743 2446 dubio
770 2393 949 2446 Metrodorus
971 2393 1175 2462 Stratonicaea
1208 2445 1212 2450 .

175 2461 335 2524 Stratonice
355 2481 377 2519 s.
397 2462 582 2530 Stratonicea,
610 2460 697 2515 Cariae
715 2461 796 2527 urbe,
823 2462 973 2531 oriundus,
994 2468 1056 2532 qui,
1080 2475 1115 2516 ut
1134 2469 1176 2525 ait

175 2533 275 2588 Cicero
297 2534 385 2588 Acad.
403 2532 440 2589 11.
461 2533 488 2588 6.
519 2533 567 2600 su,
591 2532 775 2586 bene'nosse
803 2528 975 2587 Carneadem
1023 2529 1175 2595 utebatnr3

143 2630 150 2640 ·
175 2604 227 2658 cfr.
236 2606 359 2671 Diogen.
381 2601 473 2655 Lalirt.
492 2601 532 2655 X.
554 2622 580 2673 9,
599 2602 650 2655 ubi
670 2603 720 2655 hic
736 2600 919 2657 Metrodorus
939 2601 976 2657 ab
1018 2606 1120 2671 picuro
1138 2601 1176 2656 ad

174 2673 345 2728 Carneadem
372 2677 517 2726 transiisse
536 2671 650 2728 (licitur.
698 2668 766 2741 Quo
791 2677 887 2729 minus
907 2674 1037 2745 Scepsius
1062 2671 1110 2725 hio
1128 2677 1199 2728 itta*

174 2746 330 2811 telligatur,
348 2742 458 2810 obstat,
485 2743 563 2810 quod
582 2743 658 2796 hisne
677 2759 715 2796 ex
733 2743 875 2797 academia
892 2743 1038 2801 rhetorem
1053 2743 1084 2796 iu
1098 2742 1175 2796 Asia

174 2829 204 2866 se
222 2813 344 2866 audiisse
371 2813 441 2864 dicit
459 2809 574 2864 Crassus
593 2812 644 2866 til.
663 2830 706 2866 ao.
726 2815 760 2875 75
778 2824 808 2866 et
827 2811 974 2868 Antonius
992 2813 1028 2867 11.
1049 2813 1094 2864 88.
1111 2811 1176 2864 560.

173 2882 232 2936 etr.
249 2884 281 2936 F.
301 2881 331 2933 C.
349 2879 503 2934 Wollhuin
524 2882 558 2933 ad
578 2882 606 2935 h.
624 2882 643 2935 i.
664 2908 698 2924 ·-
719 2882 796 2938 Male
813 2883 861 2937 hio
879 2900 997 2954 quoque
1016 2882 1085 2941 Eru.
1104 2886 1173 2941 Gerr

173 2954 288 3006 neodem
307 2952 538 3003 iu'Clrarmadam
557 2956 688 3005 mutavit.
808 2962 822 2987 Ι
1201 2960 1204 2965 “

241 3023 355 3073 auditor
373 3021 500 3073 Panaetii
518 3021 596 3073 illius
614 3022 675 3084 tui,
701 3019 898 3093 Mnesarchus]
934 3021 990 3076 Hic
1016 3033 1046 3075 et
1058 3020 1174 3078 Derda·
1203 3046 1205 3051 ’
1241 3024 1244 3028 ’

172 3106 227 3142 nus
253 3103 315 3145 turn
339 3089 461 3142 Athenis
490 3093 634 3161 principes
661 3088 825 3147 Stoicorum
851 3100 946 3150 erant..
968 3089 1055 3149 head.
1073 3091 1111 3148 li.
1128 3109 1173 3145 22.
1250 3096 1278 3151 ,’

172 3159 216 3228 69,
235 3158 287 3212 eir.
306 3159 336 3211 h.
352 3157 419 3211 libri
438 3175 462 3211 o.
484 3159 578 3222 18.83.
615 3159 800 3213 Del’auoetio
815 3159 940 3224 Rhodio,
957 3157 1066 3223 Stoico,
1083 3176 1174 3227 quem
1277 3159 1282 3169 “

172 3224 299 3280 scevola
323 3228 451 3280 audierat
476 3228 516 3293 (c.
534 3245 576 3297 ¹7·
596 3230 648 3298 75,-
683 3228 750 3280 inde
775 3230 820 3280 tui
846 3230 875 3283 h.
898 3229 918 3285 i.
944 3226 999 3283 cir.
1022 3245 1049 3281 c.
1076 3245 1117 3280 10.
1135 3226 1173 3283 43

173 3298 261 3350 Stoici
280 3298 390 3359 nostri),
418 3297 645 3350 dissertationem
663 3300 777 3364 scripsit
795 3314 850 3350 san
868 3295 990 3369 Linden,
1006 3294 1173 3365 Lugd.>Bs⁴

171 3376 229 3422 tav.
252 3365 334 3425 18023
351 3364 405 3418 cir.
426 3364 512 3417 Beier
529 3364 633 3427 adili.
646 3361 712 3416 off.
730 3383 756 3417 a.
772 3367 797 3416 8.
817 3383 845 3434 p.
870 3367 930 3437 196.

241 3434 429 3503 Peripatetici
449 3435 567 3486 Critolai
592 3433 759 3557 υἱοάοηιεὶἶ
789 3432 838 3488 Sic
855 3433 928 3489 Pati.
955 3436 1014 3491 duo
1071 3437 1160 3494 tiorei

174 3513 230 3556 tres
250 3503 398 3569 Gallicani,
419 3503 453 3567 Z,
470 3523 494 3574 y,
513 3503 590 3556 Harl.
610 3515 710 3571 uterq„

171 3584 237 3643 post
252 3573 319 3626 Eru.
345 3583 464 3626 receutt.
482 3573 581 3640 Vulgo
600 3572 682 3630 codd.
704 3572 803 3639 (etiam
822 3571 913 3628 Havn.
931 3579 1039 3647 uterq.)
1057 3590 1086 3633 et
1103 3580 1172 3637 add.

170 3646 266 3714 Parip.
288 3642 429 3696 Critolaus
448 3653 476 3693 et
490 3645 638 3697 Diodorus.
676 3641 732 3695 Sed
752 3656 828 3698 recte
843 3641 1005 3700 observavit
1022 3648 1169 3715 Pearcius¹¹

171 3729 228 3763 nou
251 3711 398 3781 probabile
419 3726 488 3777 esse,
507 3711 672 3776 Critolaum,
694 3717 745 3780 qui
765 3730 839 3779 unus
855 3729 896 3769 ea
909 3716 1010 3783 legatis
1031 3717 1065 3772 ab'
1077 3717 1170 3772 Atha·

104 3836 108 3845 ¹
169 3780 318 3834 uicusibus
336 3801 361 3834 a.
379 3781 413 3834 U.
433 3782 484 3854 599
514 3783 591 3850 (155)
611 3783 729 3835 Romam
747 3782 840 3834 missis
857 3781 966 3850 suerat.
995 3797 1055 3843 tutu
1074 3788 1168 3841 adhuc

761 3505 795 3557 rl.
814 3516 916 3573 uterq„
934 3505 1005 3573 nrt„
1049 3481 1174 3564 careal
1197 3524 1211 3539 “

88 3852 97 3863 ’
171 3854 288 3918 uixisse,
306 3851 412 3905 nedum
427 3857 563 3919 viguisse.
600 3852 750 3914 Diodorus,-
767 3849 1168 3920 Critolaianditorlsb-etians

82 3951 85 3960 ·
170 3918 277 3972 dicitur
297 3922 358 3972 liin.
375 3920 411 3977 V.
421 3936 448 3988 5.
461 3923 513 3986 sl),
531 3919 726 3975 inhonestate
746 3932 775 3973 et
792 3927 933 3976 vacuitate
952 3925 1060 3981 doloris
1080 3925 1167 3980 linctu

129 4036 132 4040 .
169 3982 313 4048 bonorum
329 3991 514 4064 posuistis.
529 3986 569 4051 11.
586 3991 612 4048 6.
636 4009 676 4067 19,
696 3989 734 4048 V.
752 3991 777 4047 t.
801 3993 842 4060 sla,
859 3990 950 4053 Acad-
966 3995 1005 4051 11.
1024 3997 1069 4053 42.
1086 3995 1152 4052 151.
1170 4004 1173 4009 '
1190 4052 1198 4071 ,
