2618 4440
217 256 300 371 400·
348 214 350 219 ’
407 304 412 316 .
593 218 834 374 ,neruosis

106 530 110 537 ,
206 456 278 551 ,qui
304 451 445 531 ‚consilio
470 471 502 523 et
532 457 679 546 oratione
699 446 745 543 in*
766 456 892 541 civitate
916 455 1041 547 valeat,
1078 460 1222 533 scientia

212 582 313 656 ¹atque
333 546 562 649 exercitatione¹
579 563 732 647 sociaris3
765 560 817 669 illi
839 565 906 629 nati
921 550 957 631 in
969 562 1073 649 literis
1096 566 1224 644 arden·
1296 625 1299 629 ,

211 667 403 761 ,ιεεςιιοἸιίε
423 664 552 751 studiis,
589 669 658 735 otio
686 691 766 734 vero
788 666 983 750 diffluentes,
1024 670 1095 738 non
1115 671 1223 757 modo

209 773 304 865 ,nibil
324 768 550 866 acqbisierint,
583 771 640 838 sed
666 797 709 839 ne
728 770 880 847 relictum
899 772 1033 867 quidem
1055 794 1089 845 et
1111 778 1223 863 tradi-

43 886 48 895 “
131 914 134 919 ’
208 899 287 958 „tuna
308 897 340 947 et
362 903 456 944 suum
477 880 754 951 conservaverint.
876 898 879 904 “
986 902 987 907 ’

208 1030 235 1071 ,ἰ
307 983 465 1051 XXXIII.
490 997 562 1059 132.
611 988 698 1051 Tum
719 983 878 1069 Crassus,
892 987 970 1056 Non
990 988 1026 1054 in
1045 986 1126 1071 hac,
1162 991 1221 1079 in-

208 1093 301 1186 quit,
321 1114 406 1173 uns,
419 1086 549 1171 Catule,
572 1112 620 1170 re,
641 1087 701 1154 sed
723 1091 764 1156 in·
779 1086 851 1156 aliis
871 1091 967 1191 etiam
992 1091 1219 1186 compluribus

217 1197 446 1295 distributione
461 1194 603 1288 partium
619 1218 656 1260 ac
676 1196 877 1287 separatione
891 1197 1127 1282 magnitudines
1141 1218 1221 1293 sunt
1275 1280 1278 1289 Ι

58 1376 65 1387 ,
173 1336 176 1341 ,
216 1306 334 1375 artium
357 1300 543 1377 diminutae.
589 1299 643 1365 An
660 1317 695 1367 tu
714 1301 885 1386 existimas,
907 1327 1009 1394 mum
1025 1322 1106 1372 esset
1128 1305 1220 1401 Hip·

210 1422 364 1506 pocrates
380 1392 437 1474 ille
457 1406 555 1488 Cous,
577 1402 672 1499 tuisse
687 1424 756 1475 tum
770 1396 850 1475 alios
865 1406 1018 1494 medicos,
1041 1411 1098 1501 qui
1120 1434 1219 1480 mor·

181 1554 184 1558 ,
212 1533 340 1551 ιι--Ο

283 1605 350 1675 Cap.
376 1601 519 1658 xxxin.
542 1602 567 1671 fi.
597 1601 657 1658 132.
690 1601 888 1673 Hippocrates]
924 1600 1080 1658 Heraclide
1108 1605 1216 1662 medici

213 1678 266 1743 fil„
290 1693 305 1728 e
325 1674 382 1727 Coa
408 1672 642 1740 Asclepiada'rum
665 1672 841 1726 medicorum
868 1671 963 1726 schola
985 1673 1142 1742 proiectus,
1165 1672 1216 1731 Oi.

214 1746 332 1803 LXXX
344 1741 422 1811 (ibo)
444 1753 536 1805 natus,
552 1740 624 1794 belli
637 1740 874 1808 Peloponnesiaci
889 1746 973 1796 initio
990 1740 1099 1797 floruit.
1135 1742 1214 1805 Cen.-

208 1817 432 1883 ¹masticandus
450 1808 563 1862 Larissae
587 1808 681 1861 obisse
701 1811 801 1866 fertur.
849 1811 995 1864 Permulta
1012 1816 1143 1882 scripsit,
1159 1815 1212 1869 sed

215 1903 254 1940 ex
272 1889 319 1950 iis,
338 1891 400 1949 qnae
418 1878 507 1932 hodie
527 1883 590 1930 sins
608 1882 724 1931 nomine
742 1876 889 1945 feruntur,
904 1894 993 1949 panca
1012 1892 1124 1934 tautum
1142 1900 1213 1938 vera

160 1965 162 1969 ’
214 1955 398 2023 Hippocratis
419 1963 481 2005 esse
507 1947 681 2001 iudicantur.
697 1976 732 1988 -
747 1951 878 2003 Euclides
901 1962 1037 2018 regnante
1054 1952 1212 2008 Ptolemaeo

216 2024 287 2092 Lagi
304 2020 335 2076 i.
355 2017 536 2076 Alexandria
564 2017 759 2071 mathematica
784 2020 894 2073 docuit.
946 2014 996 2073 Εἰ
1011 2025 1123 2088 scriptis
1144 2012 1211 2077 eius

144 2126 158 2156 a
208 2097 338 2158 'maxime
355 2087 496 2142 celebrata
515 2098 581 2140 sunt
598 2089 727 2154 Στοιχεῖα
750 2106 774 2147 s.
799 2091 944 2142 elementa·
955 2090 1112 2142 matheseos
1131 2108 1213 2158 puras

213 2164 296 2220 libris
314 2159 382 2222 XV,
398 2169 653 2227 quorum-tamen
677 2157 735 2209 duo
761 2164 898 2228 postremi
924 2153 1055 2228 Hypsicli
1080 2158 1214 2225 Alexan-

214 2236 299 2289 drino
316 2229 515 2283 mathematico
533 2245 589 2280 sec.
607 2227 641 2278 ll.
657 2245 685 2296 p.
694 2224 759 2281 Chr.
777 2248 806 2281 n.
821 2226 998 2292 tribuuntur.
1014 2256 1054 2287 -,
1064 2231 1213 2284 Archime-

141 2306 153 2338 ’·
176 2356 181 2373 ,
207 2300 261 2360 'des
279 2300 489 2370 Syracusanus,
510 2297 644 2350 Hieronis
666 2300 741 2363 regis
759 2309 896 2368 cognatus
921 2308 949 2348 et
967 2301 1084 2365 amicus,
1112 2301 1212 2353 unicus

204 2382 353 2446 ,spectator
371 2369 440 2423 cosli
459 2369 641 2437 siderumquc,
658 2365 819 2434 {mirabilior
839 2376 935 2433 tumen
950 2368 1076 2421 inventor
1095 2386 1129 2420 ac
1146 2388 1213 2437 mnf

212 2445 341 2498 chinator
364 2438 522 2492 bellicorum
548 2446 746 2488 tormentorum
764 2455 943 2508 operumque,
969 2437 1127 2509 quidesse,
1145 2456 1212 2510 quoe

211 2508 304 2569 hostes
319 2509 429 2581 ingenti
446 2509 515 2559 mole
535 2515 665 2575 agerent,
687 2506 745 2573 ipse
759 2507 868 2576 perlevi
891 2516 1024 2559 momento
1047 2507 1107 2559 tuat
1131 2526 1211 2560 cars·

211 2595 271 2639 rar.
287 2580 351 2633 Liv.
368 2575 482 2631 XXIV.
501 2577 545 2628 54.
573 2575 625 2627 His
643 2581 792 2629 tormentis
811 2575 1005 2644 operibusque
1022 2595 1039 2628 a
1057 2593 1087 2628 se
1107 2582 1212 2630 inven-

211 2657 249 2706 tls
265 2650 343 2703 bello
355 2647 467 2700 Punico
488 2642 613 2696 secundo
626 2659 677 2712 per
695 2641 847 2697 biennium
860 2642 1015 2712 Syracusas
1037 2644 1103 2699 aM.
1122 2644 1211 2699 Clau·

214 2722 264 2773 dio
280 2714 426 2771 ¹Marcello
454 2725 631 2781 oppugnatas
658 2711 786 2767 defendit
819 2715 974 2782 multisque
1003 2715 1210 2769 calamitatibus

212 2789 356 2855 Romanos
375 2781 477 2835 affecit.
499 2780 536 2838 A.
554 2780 585 2836 U.
607 2783 659 2833 542
680 2785 755 2850 (212)
784 2797 946 2853 expugnata
965 2803 980 2838 a
997 2784 1133 2838 Romanis
1154 2784 1213 2852 Sy·

213 2871 378 2911 racusarum
402 2851 473 2906 urbe
492 2849 693 2905 Archimedem
711 2859 852 2906 memoriae
878 2854 1022 2921 proditum
1048 2859 1139 2908 estin
1161 2867 1213 2908 tu·

93 2942 98 2952 ·
207 2927 412 2992 :multu'captsa
429 2932 457 2974 et
475 2921 590 2989 direptas
609 2920 850 2976 urbisintentum
875 2923 985 2987 formis,
1002 2923 1121 2992 quas'ln
1141 2926 1213 2993 pul·

213 3012 281 3051 vere
304 2995 499 3061 descripserat,
525 2989 560 3043 ab
579 2997 679 3058 ignaro
699 2995 799 3057 milite,
823 2998 888 3060 quis
907 3006 990 3056 esset,
1013 2993 1213 3052 interiectum.

213 3067 276 3121 le.
296 3063 396 3118 XXV.
415 3063 458 3128 31,
476 3059 573 3114 Valet.
590 3060 670 3114 Max.
687 3060 766 3116 vill.
786 3082 810 3132 7.
829 3080 855 3129 7.
895 3061 952 3122 Cir.
973 3062 1032 3117 Cic.
1052 3063 1103 3116 IV.
1122 3063 1212 3121 Verr.

123 3172 127 3185 ,
210 3138 256 3190 58.
277 3135 335 3197 151,
352 3133 390 3191 V.
407 3133 470 3187 Pin.
493 3149 532 3200 19.
553 3132 596 3183 5ο.
631 3129 701 3184 Eius
726 3127 910 3201 sepulchrum
927 3138 1090 3200 ignoratum
1113 3151 1129 3187 a
1150 3131 1214 3202 Sy·

208 3209 355 3271 racusauis
384 3205 491 3270 reperit
515 3198 615 3253 Cicero
640 3212 771 3268 quaestor.
808 3199 867 3254 Cic.
882 3202 919 3255 V.
940 3205 1026 3256 Tum.
1045 3203 1087 3256 23.
1111 3203 1148 3256 64
1168 3220 1213 3273 sq.

202 3278 254 3330 ·De
282 3280 344 3329 eiua
368 3272 476 3342 sphaera
501 3269 568 3323 vids
593 3267 651 3323 Cio.
677 3272 700 3328 1.
716 3272 802 3325 Tusc.
830 3272 873 3324 25.
899 3273 943 3337 63,
971 3274 993 3326 l.
1019 3272 1054 3324 ds
1078 3288 1140 3341 rep.
1170 3276 1213 3332 14.

203 3347 281 3400 liius
299 3348 404 3412 scripta
424 3340 561 3393 nonnulla
587 3339 732 3410 hodieque
750 3351 872 3394 exstant.
890 3370 925 3382 -
942 3345 1062 3406 Damon,
1079 3350 1213 3398 musicus
1264 3371 1270 3383 ι

211 3428 240 3469 et
265 3414 401 3484 sophista,
420 3397 588 3478 Agathoclis
613 3410 771 3480 discipulus
790 3411 883 3475 (Plato
908 3411 1021 3468 Lachet.
1038 3429 1065 3480 p.
1090 3413 1141 3464 180
1161 3413 1214 3482 D),

125 3488 132 3495 '
211 3485 330 3539 Periclis
350 3492 506 3552 preceptor
524 3479 613 3544 (rtur.
631 3481 735 3539 Pericl.
752 3483 790 3547 4),
807 3478 933 3536 Socratis
951 3493 1030 3535 atate
1049 3478 1160 3535 floruit.
1173 3508 1214 3527 -

210 3557 397 3609 Aristoxenus
415 3552 605 3613 Tarentinus,
630 3552 819 3620 philosophus
844 3564 873 3605 et
891 3557 1033 3618 artusinus,
1058 3549 1214 3619 Spinthari

211 3627 314 3676 musici
334 3622 386 3688 tit,
405 3626 527 3689 primum
541 3618 698 3688 Lampmm
714 3620 909 3690 Erythraeum,
927 3622 1029 3675 delude
1050 3621 1213 3689 Xenophi-

210 3692 271 3745 lum
292 3691 517 3757 Pythagoreum,
542 3688 666 3757 denique
684 3707 754 3742 vero
779 3689 962 3745 Aristotelem
982 3691 1093 3744 audivit
1110 3689 1211 3757 (sutri.

203 3774 240 3815 r.
259 3755 417 3827 'Apronii-b
445 3759 489 3811 Ex
507 3759 606 3812 multis
614 3759 785 3812 Aristoxeni
804 3766 916 3830 scriptis
929 3762 1018 3815 hodia
1031 3766 1139 3828 integri
1152 3764 1212 3815 soli

212 3841 365 3901 supersunt
388 3825 565 3896 ‘Apporsnoir
582 3833 716 3897 στοιχείων
735 3828 804 3882 libri
821 3841 892 3895 tres3
913 3848 951 3884 ex
970 3831 1126 3899 deperditis
1144 3849 1212 3885 rna-

212 3905 291 3958 xims
309 3898 502 3951 memorabilia
522 3911 604 3952 sunt:
622 3895 789 3954 assisinati
805 3899 883 3972 ripen
903 3903 1000 3969 (Diog.
1015 3899 1107 3953 Laert.
1126 3901 1218 3961 viti.
1261 3896 1265 3904 ’

215 3974 270 4037 15),
287 3966 422 4024 πολιτικοὶ
441 3963 521 4034 νόμοι
541 3970 660 4034 (Athen.
679 3968 751 4022 xlv
767 3989 794 4039 p.
813 3972 864 4025 648
883 3973 921 4038 D)
942 3985 970 4025 et
988 3975 1044 4042 siai
1064 3963 1170 4039 deipsis
1188 3988 1213 4024 s.

212 4043 357 4099 ebrorum
376 4043 549 4109 scriptorum
564 4032 794 4110 viredunum.
807 4042 874 4102 Vol.
886 4043 923 4098 ll.
935 4060 963 4116 p.
975 4041 1051 4116 1095.
1069 4037 1112 4108 C).
1135 4037 1215 4098 vm·
