2618 4440
208 296 274 371 rso
419 300 436 327 ··
496 316 502 335 ‹
589 282 830 397 cressonis

298 483 358 552 Est
378 478 537 553 attenta
557 482 794 570 similitudine,
819 506 902 578 quaa
922 502 974 554 ant
996 483 1207 561 collationem

206 585 305 657 habet
328 609 381 658 aut
401 609 564 682 tamquam
583 592 769 676 imaginem.
815 589 1051 659 Collationein:
1089 613 1124 661 ut
1148 594 1208 663 ille

207 693 325 764 Gallus
346 693 427 764 olim
451 694 540 763 testis
560 697 597 763 in
620 694 791 779 Pisonem,
814 720 917 786 quum
937 698 1210 771 innumerabilem

209 800 320 887 Magio
337 801 501 893 praesecto
515 803 689 895 pecuniam
702 801 833 871 dixisset
848 798 965 886 datam,
986 802 1087 894 idque
1103 804 1209 874 Scau-

207 929 264 975 rus
277 908 428 975 tenuitate
439 908 541 994 Magii
552 904 778 999 redargueret,
797 903 920 987 Erras,
936 909 1052 1000 inquit,
1065 892 1207 989 Securo.

209 1014 288 1105 Ego
312 1016 404 1081 enim
423 1017 582 1106 Magium
602 1040 668 1082 non
691 1036 902 1081 conservasse
921 1014 1011 1094 dico,
1035 1014 1097 1081 sed
1115 1016 1209 1085 tarn-

208 1142 316 1208 quam
343 1121 457 1219 nudus
479 1145 580 1188 nuces
609 1124 761 1211 legeret,
796 1121 832 1185 in
865 1131 981 1186 ventre
1010 1119 1209 1206 obstulisset

207 1239 245 1289 nt
264 1219 323 1289 ille
342 1224 391 1297 Μ.
414 1227 533 1295 Cicero
548 1248 656 1307 senex,
669 1224 776 1291 'haim
797 1224 862 1303 riri
885 1225 1013 1316 optimi,
1035 1228 1139 1292 nostri
1158 1226 1210 1294 sa·
1223 1296 1235 1303 ,,
1261 1266 1264 1271 ,

207 1325 365 1412 miliaria,
388 1322 512 1425 pater?
535 1346 665 1435 nostros
684 1332 842 1398 immines·
856 1331 986 1401 similes
1009 1354 1078 1398 esse
1100 1330 1208 1420 Syro-

184 1440 293 1504 nrum
322 1440 518 1525 uenalium
554 1440 756 1529 utquisque
777 1436 904 1526 optime
930 1437 1065 1505 Graece
1092 1443 1208 1523 sciret,

208 1544 262 1608 ita
283 1567 353 1610 esse
382 1526 656 1632 nequissimum(
691 1540 783 1617 266.
805 1537 914 1608 Valde·
933 1558 1038 1606 autem
1058 1541 1209 1612 ridentur

209 1647 307 1714 etiam
334 1647 506 1730 imagines,
542 1669 624 1736 quae
641 1644 725 1710 --fere
754 1645 790 1710 in
819 1643 1057 1727 deformitatem
1092 1667 1145 1716 ant
1174 1652 1210 1719 in

210 1748 346 1841 aliquod
376 1749 672 1840 vitium¹¹corporis
695 1747 862 1815 ducuntur-
891 1766 965 1815 cnm
994 1749 1210 1827 similitudine

209 1854 385 1944 turpioris:
410 1869 446 1918 ut
469 1874 578 1918 meum
599 1849 682 1918 illud
702 1852 739 1917 in
757 1847 911 1916 Helvium
926 1855 1106 1924 Manciamz
1130 1864 1209 1932 Iam

48 1988 55 1995 ·
122 2004 125 2009 -
209 1951 873 2047 ostendam,cuiusmodisiquuumillet
891 1958 1051 2037 Ostende,
1065 1986 1208 2050 qttoeso3

170 2134 173 2149 ,
209 2061 431 2135 demonstravi
454 2060 558 2149 digito
581 2063 706 2158 pictum
729 2057 863 2132 Gallum
885 2060 922 2129 in
944 2063 1092 2133 Mariano
1113 2089 1207 2139 scuto

210 2213 349 2233 Μ

279 2301 315 2353 in'
327 2308 423 2354 venire
443 2292 604 2370 abstulisse]
627 2294 791 2370 ¹Signili'cat
810 2295 940 2367 Magium
955 2299 1059 2367 omnis,
1075 2301 1145 2369 ‘qna
1162 2318 1209 2358 ra·

208 2371 326 2441 puisset,
350 2371 560 2441 abliguririsse.
604 2373 671 2425 Piso
690 2371 810 2437 fortasse
838 2369 929 2441 estL.
950 2368 1116 2439 Calpurnius
1140 2375 1211 2427 Piso

210 2443 371 2493 Caesoninus
388 2458 448 2501 eos.
461 2459 485 2496 a.
499 2442 534 2495 U.
553 2440 604 2494 642
616 2442 704 2506 (112).
739 2441 782 2493 De
795 2442 901 2492 Scauro
912 2438 977 2490 vide
991 2439 1025 2490 sti
1043 2439 1066 2493 1.
1083 2442 1126 2509 49.
1140 2446 1210 2508 2143

191 2509 246 2563 ‘dc
263 2512 382 2579 reliquis
408 2508 503 2564 tacent
526 2514 688 2577 scriptores.
712 2508 810 2561 *Ἧι
829 2506 1027 2576 praefectorum
1050 2514 1137 2565 variis
1156 2527 1211 2580 ge..

208 2577 326 2635 neribus
347 2580 502 2648 disputavit
520 2577 630 2630 Manut.
649 2578 684 2630 ad
709 2576 768 2632 Cic.
785 2577 861 2629 Fam.
880 2577 918 2628 ll.
939 2594 980 2645 ¹7·
1195 2642 1198 2647 Ι

280 2648 328 2699 itia
348 2650 389 2703 Μ.
411 2646 512 2715 cicero]
556 2645 604 2698 Sic
631 2645 698 2703 Ern.
725 2650 1000 2713 sooni.,·eumqus
1024 2651 1117 2700 secuti
1141 2658 1210 2705 suist
1236 2670 1240 2685 ¹

120 2768 122 2777 Α
208 2724 328 2771 recentt.
346 2743 381 2777 -,
398 2714 514 2785 Vulgo:
542 2714 617 2768 illud
637 2718 680 2767 M.
699 2717 804 2768 cicero:
823 2711 973 2769 -'Latnb.
996 2730 1052 2768 oin.
1073 2718 1154 2772 illud.
1174 2746 1211 2759 ..

208 2788 252 2841 iti.
268 2785 359 2837 Cicero
376 2790 466 2837 nostrl
480 2800 550 2837 arus
564 2789 648 2836 etiam
664 2785 715 2837 iii.
731 2784 819 2853 [regg.
830 2784 878 2837 io.
894 2784 928 2837 56
943 2784 1200 2847 commemoratur.'

280 2858 414 2923 Syrorum
437 2853 591 2920 venalium]
634 2854 805 2908 '’Praedones
826 2852 928 2907 Cilices
955 2870 1036 2921 oram
1048 2854 1141 2923 Syrie
1165 2860 1212 2909 iu·

207 2921 311 2979 festam
329 2922 472 2976 habebant
496 2935 526 2977 et
543 2923 649 2992 praedas
668 2925 749 2977 illine
764 2922 903 2992 agebatur,
928 2935 1068 2992 captaque
1087 2942 1210 2992 corpora

208 2995 315 3049 Delum
341 2994 376 3047 de
398 2993 529 3047 ortabant
559 2992 593 3046 ad
621 3005 794 3056 mereatum,
820 2992 897 3044 uude
923 2991 1043 3045 Rotnani
1069 2991 1212 3047 emebant.

208 3061 269 3133 Qui
288 3073 383 3117 autem
401 3060 481 3130 Syri·
496 3067 603 3131 optime
629 3061 822 3131 loquebantur
839 3056 954 3129 Gr'aeee,
983 3062 1034 3115 diu
1053 3068 1211 3116 servierant

208 3138 241 3190 in
263 3131 370 3187 Grecis
396 3142 626 3200 veteratoresque
655 3144 685 3184 et
709 3148 832 3200 nequam
859 3142 1022 3192 eraserant3
1056 3132 1104 3183 sed
1132 3133 1211 3199 quod

207 3206 342 3259 seruituti
356 3203 506 3265 diuturnas,
525 3217 587 3269 qua
599 3200 744 3269 improbos
756 3213 786 3254 et
796 3199 915 3253 callidos
928 3201 1029 3265 reddit,
1044 3199 1211 3264 attribuen-

208 3273 279 3327 dum
300 3271 366 3341 init,
390 3272 420 3325 id
440 3276 470 3323 in
487 3269 649 3324 Graecorum
670 3287 763 3323 mores
784 3267 949 3323 conserebat
968 3268 1112 3322 Ciceronis
1130 3288 1210 3338 auus,

208 3347 261 3464 gui
281 3343 402 3397 infestus
421 3338 524 3395 Graecis
542 3337 632 3394 fuisse
650 3341 774 3403 videtur,
798 3356 858 3392 uon
873 3341 964 3391 multo
983 3355 1065 3392 secus
1087 3355 1120 3390 ac
1139 3337 1210 3392 Cato

233 3416 391 3466 euserius.”
434 3406 563 3464 Turneb·
588 3426 617 3477 p.
636 3411 680 3464 55.
704 3434 741 3451 —
764 3408 808 3461 De
834 3424 984 3461 sertorum
1009 3421 1134 3461 mercatu
1156 3408 1211 3463 cir.
1281 3444 1287 3453 -

208 3481 312 3549 Heyns
333 3497 431 3549 opusc.
446 3479 541 3532 'lV.*8
559 3490 588 3531 et
606 3477 729 3531 Creuzer
746 3478 865 3546 Antiqq.
882 3494 913 3545 p.
931 3479 964 3530 44
986 3494 1047 3545 sqq.
1068 3479 1113 3530 sd.
1132 3479 1182 3531 alt.'

281 3553 305 3622 §·
324 3551 385 3603 266.
418 3550 525 3618 pistum
547 3549 659 3600 Gallum
678 3549 748 3617 rte]¹
785 3547 945 3599 ’'iuteruoe
964 3557 1047 3598 erant
1064 3548 1139 3599 circa
1155 3548 1211 3668 G

209 3630 279 3682 tum,
297 3625 392 3688 inquit
408 3619 512 3673 Fabius
529 3615 746 3685 [Quintilianum
765 3621 817 3685 qui
836 3615 952 3669 eandem
966 3630 1026 3666 rem
1046 3628 1140 3669 rrarrat
1185 3617 1208 3674 I.

209 3688 237 3744 5.
256 3689 313 3755 381,
333 3699 361 3740 et
384 3700 491 3742 scutum
512 3689 585 3741 illud
603 3689 678 3757 signi
696 3705 783 3739 sousa
798 3686 931 3753 positum.
965 3682 1127 3739 Marianum
1154 3705 1210 3738 au-

209 3768 269 3810 tom
287 3769 399 3811 sentum
417 3757 591 3812 Cimbricum
609 3766 708 3819 uocat,
732 3763 883 3822 propterca
903 3752 990 3819 quod,
1015 3752 1136 3806 Cimbris
1155 3773 1210 3807 nu-

210 3841 263 3896 per
281 3844 297 3878 a
315 3825 407 3878 Murio
427 3831 519 3895 victis,
544 3831 574 3878 in
592 3828 758 3879 memoriam
782 3825 906 3874 victoria
927 3822 1060 3876 domiuus
1086 3824 1209 3877 tabernae

210 3904 324 3949 scutum
342 3897 528 3963 suspenderat
543 3902 583 3949 sic
599 3900 716 3963 pictum,
734 3889 924 3962 protuberans
942 3896 1035 3957 signo.
1071 3890 1210 3946 Solebsnt

208 3963 495 4033 etiamad-pompari·
511 3967 652 4033 triumphi
670 3963 823 4017 ornandam
839 3963 927 4013 muita
944 3960 1109 4014 huiusmodi
1128 3973 1210 4017 scuta
1270 3962 1286 3985 “

206 4034 321 4093 nsduci
341 4042 370 4091 et
388 4038 419 4090 iu
437 4034 504 4089 loro
521 4040 602 4104 puni.
635 4033 697 4089 Lis.
713 4031 782 4102 11X.
799 4030 861 4099 401:
876 4033 1011 4084 Dictator
1027 4051 1061 4085 ιιι
1074 4041 1209 4097 ssruuus·¹
