2610 4410
303 294 306 300 ·
354 285 358 298 ’
404 269 938 403 6666666666-663.
984 252 987 258 ’
1112 306 1178 384 ³42
1213 237 1226 371 's
1274 314 1300 332 -1

171 508 262 560 mors
286 488 408 582 nefaria
425 490 559 576 fuisset
592 507 644 568 11.
677 499 755 565 Non
775 495 858 563 vidit
877 485 993 564 eorum
1014 497 1172 585 ipsorum,

171 599 229 688 qui
256 612 324 661 turn
343 593 561 665 adolescentes
586 600 703 664 Crasso
734 623 769 660 se
792 599 954 679 dicarant,
993 596 1174 666 horribiles
1219 682 1221 686 Α

97 717 99 720 ⁴
169 704 373 791 miserosque
401 725 513 767 casusr
562 703 613 767 Ex
635 700 752 792 quibus
774 699 813 766 C.
834 699 948 789 Cotta,
992 724 1091 793 quem
1115 699 1174 768 ille
1234 709 1253 792 Ἀ

171 808 345 874 florentem
360 802 548 894 reliquerat,
564 807 675 894 paucis
691 788 808 871 diebus*
822 805 1049 897 postmortem
1065 809 1173 903 Crassi
1245 815 1250 825 ’

168 907 324 1002 depulsus
346 932 407 1000 per
435 909 592 988 invidiam
611 910 794 995 tribunatu,
830 936 898 978 non
927 909 1038 979 multis
1068 902 1108 977 ab
1131 933 1183 979 eo·

124 1068 127 1074 Α
171 1026 320 1106 teinpore
347 1015 511 1080 niensihus
539 1017 658 1090 eiectus
677 1005 737 1082 cst
766 1016 949 1084 ecivitate.
1008 1013 1172 1109 Sulpicius
1212 1021 1217 1031 '

101 1181 104 1185 .
169 1138 293 1202 autem,
327 1122 388 1210 qui
409 1121 444 1184 in
468 1118 583 1199 eadem
604 1121 746 1187 invidiae
774 1123 902 1190 flamma
924 1124 1053 1207 fuisset,
1094 1123 1173 1214 qui-

168 1227 305 1295 buscum
326 1227 471 1316 privatus
492 1226 754 1293 coniunctissime
776 1230 917 1311 vixerat,
962 1229 1025 1296 hos
1049 1231 1085 1295 in
1108 1229 1172 1294 tri-

98 1334 101 1338 *
168 1333 291 1414 bunatu
310 1329 612 1423 spoliareinstituit
636 1335 727 1405 omni
756 1333 928 1419 dignitatc3
961 1336 1013 1404 dui
1037 1323 1172 1426 quidem

120 1494 123 1499 .
168 1437 210 1505 ad
238 1454 396 1503 summam
423 1430 564 1521 gloriam
580 1440 583 1444 ’
599 1436 804 1562 6167666666
836 1439 1046 1511 efflorescenti
1079 1439 1174 1526 ierro

168 1560 279 1636 erepta
299 1545 365 1610 vita
388 1544 446 1624 est,
470 1558 630 1637 et-poena
656 1547 843 1613 temeritatis
866 1569 935 1612 non
958 1546 1028 1611 sine
1051 1567 1169 1629 magno
1241 1565 1261 1580 ¹⁴

110 1651 114 1661 “
167 1652 217 1715 rei
233 1643 383 1740 publicae
396 1644 483 1713 malo
497 1651 679 1718 constituta.
724 1666 777 1728 12.
800 1653 874 1735 Ego
890 1673 969 1718 vero
984 1667 1027 1733 te,
1044 1651 1170 1732 Crasse,

171 1740 275 1846 ouum
295 1755 387 1858 ⁴ritae
416 1752 499 1819 flore
530 1769 600 1848 turn
637 1757 750 1822 mortis
784 1757 1029 1848 opportunitate
1057 1755 1189 1833 divino¹
1218 1767 1222 1773 '

124 1928 127 1942 ,
167 1857 322 1928 consilio·
337 1877 369 1926 et
394 1865 504 1926 ortum
528 1876 561 1924 ct
581 1863 774 1930 exstinctum
796 1886 865 1930 esse
886 1863 1040 1931 arbitror.
1086 1865 1172 1933 Nam·
1202 1861 1213 1912 '¹

168 1966 227 2032 tibi
255 1983 309 2030 aut
335 1989 399 2055 pro
429 1965 548 2031 virtute
580 1968 679 2032 animi
709 1968 950 2058 constantiaque
985 1975 1039 2033 t'ua
1063 1964 1168 2033 civilis
1270 2034 1274 2040 Δ

166 2072 247 2137 ferri
267 2070 434 2136 subeunda
454 2069 516 2135 fuit
536 2067 727 2154 crudelitas,
752 2078 837 2155 aut,
850 2073 878 2136 s'i
900 2095 962 2162 qua
983 2068 1168 2139 te‘fortuna

167 2178 208 2242 ab
226 2177 391 2245 atrocitate
413 2176 528 2245 mortis
550 2173 763 2265 vindicasset,
792 2163 905 2246 eadem
927 2199 997 2248 esse
1020 2192 1052 2243 te
1072 2174 1170 2244 fune-

170 2300 308 2319 „m
351 2300 353 2304 '

143 2419 144 2423 ,
169 2371 224 2431 eir.
248 2370 361 2427 Manui·
379 2370 414 2424 sd
438 2370 496 2427 Cic.
521 2371 555 2424 ad
574 2371 649 2426 Fam.
677 2371 698 2425 1.
723 2389 750 2426 ο.
775 2383 804 2426 et
820 2372 935 2428 Wetsel
962 2371 997 2429 sd
1022 2368 1104 2427 Brut.
1124 2370 1169 2428 62.

168 2459 230 2497 221.
266 2439 480 2498 Inimicissimus
499 2453 594 2502 sutem
621 2440 720 2495 Crasso
741 2446 809 2507 erat,
827 2453 981 2511 propterea
1005 2439 1083 2507 quod
1104 2443 1168 2496 eius

169 2522 250 2580 pater
268 2509 299 2566 C.
317 2507 408 2562 Carbo
426 2529 442 2562 a
461 2508 561 2563 Crasso
578 2523 724 2568 accusatus
742 2511 853 2576 suaratt
874 2511 939 2566 vide
959 2510 994 2564 ad
1011 2509 1036 2562 1.
1056 2506 1099 2562 ro.
1115 2512 1167 2573 403

166 2578 336 2636 6166116166.
356 2578 436 2637 Mart.
456 2581 508 2642 itt.
530 2599 555 2652 7·
574 2582 601 2636 6.
936 2597 938 2601 ’

238 2649 326 2718 §.11.
364 2654 392 2702 0.
413 2652 506 2717 Cotta]
551 2649 724 2704 videaur.
746 2669 771 2721 7.
795 2652 836 2709 25.
862 2679 897 2692 -
922 2650 967 2704 De
985 2653 1022 2706 P.
1041 2646 1167 2718 Sulpicio

166 2718 245 2788 Ruso
270 2719 325 2771 cir.
351 2737 414 2788 quaa
442 2719 513 2773 ibid.
531 2731 617 2788 atque
642 2721 676 2773 ad
703 2721 754 2774 111.
778 2740 806 2775 2.
830 2722 1029 2778 8ettulirnus.
1078 2719 1168 2776 Initio

167 2790 237 2844 belli
255 2790 348 2845 Italici
371 2803 472 2856 parurn
498 2807 565 2847 eum
592 2789 732 2856 abfuisse,
755 2796 827 2864 quin
852 2792 916 2859 lego
938 2789 1023 2848 Varia
1042 2788 1091 2858 (de
1109 2806 1167 2863 qua

166 2861 233 2914 vide
251 2860 286 2913 ad
308 2859 333 2910 1.
358 2860 400 2910 25.
425 2861 486 2928 117>
512 2872 674 2926 peteretur,
698 2866 871 2927 perspicitur
892 2878 907 2913 e
928 2859 1042 2923 verbis:
1070 2860 1168 2930 quiin
1207 2878 1210 2883 ·

166 2932 263 2983 eadem
285 2929 401 2982 invidia
420 2929 543 2996 flamma
556 2928 671 2998 fuisset.
718 2927 853 2982 Secundo
880 2928 1067 2985 huiuabetli
1091 2945 1167 2980 auno
1272 2960 1278 2966 -

166 2999 216 3057 Co.
236 2998 370 3067 Pompeii
393 2994 541 3049 Strabonis
562 2998 671 3068 legatus
697 2995 790 3064 (Brut.
822 2999 868 3066 89.
893 2999 959 3062 504)
985 2996 1166 3054 Marrucinos

165 3069 270 3122 cecidit
294 3078 439 3132 totamque
467 3083 528 3118 eam
550 3072 697 3134 regionem
725 3071 841 3134 recepit.
866 3065 929 3118 Lis.
955 3070 1025 3133 epit.
1047 3066 1090 3134 76.
1133 3063 1168 3115 Iu

144 3134 313 3190 >tribunatu
332 3135 419 3191 avU·
437 3135 488 3187 666
509 3137 568 3200 (88)
596 3136 710 3202 capitali
733 3137 801 3192 odio
825 3130 898 3200 aQ.
913 3134 1053 3199 Pompeio
1078 3131 1168 3190 Ruso,
1197 3170 1199 3176 .

166 3212 218 3272 qui
238 3221 272 3256 eo
293 3221 368 3257 aurio
387 3221 452 3258 curn
470 3203 550 3262 Sulla
569 3207 670 3257 consul
688 3216 765 3269 erat,
809 3220 915 3256 uocum
933 3203 1167 3255 coniunctissime

166 3286 253 3339 atque
272 3278 460 3325 amantissime
485 3279 615 3339 vixerat,
643 3274 760 3327 dissedit
789 3222 855 3326 lic.
885 3272 950 3326 Lari.
976 3266 1000 3322 ι’.
1026 3276 1055 3336 2)
1080 3280 1167 3337 atque
1189 3290 1192 3295 “

166 3339 332 3394 consulibus
352 3345 409 3392 vim
428 3340 535 3394 inferre
560 3353 677 3395 conatus
696 3354 738 3395 est
756 3343 949 3410 Pompeiiqur,
964 3340 1066 3404 filium,
1092 3354 1167 3390 eun-

166 3411 232 3463 dem
253 3407 339 3461 86116
357 3424 510 3475 generum,
532 3429 583 3479 per
603 3417 763 3464 emissarios
783 3411 916 3465 factionis
937 3428 993 3462 sure
1011 3407 1184 3471 interiecit„

166 3479 230 3533 Liv.
250 3485 318 3548 epit.
346 3497 389 3548 77,
408 3479 485 3533 velt.
503 3479 615 3540 Patere.
632 3481 671 3532 11.
698 3481 739 3545 18,
760 3480 886 3549 Appias.
911 3478 945 3532 Β.
963 3477 994 3532 C.
1020 3479 1044 3533 1.
1061 3477 1104 3531 56.
1139 3476 1168 3529 A

165 3561 276 3613 serrato,
295 3561 412 3600 auctore
431 3548 521 3612 Sulla,
539 3551 629 3602 hostis
641 3548 783 3603 iudicatus
801 3565 891 3616 quum
907 3554 938 3601 in
957 3549 1079 3615 quadarn
1097 3545 1167 3599 vitta
1213 3585 1216 3589 -

165 3620 275 3682 lateret,
295 3620 404 3672 indicio
423 3625 498 3672 servi
519 3624 567 3672 tui
592 3630 731 3672 retractos
755 3631 784 3671 et
808 3623 919 3670 occisus
939 3629 999 3680 ost,
1024 3628 1109 3684 eaput
1138 3619 1168 3669 in

166 3695 267 3742 rostris
284 3695 428 3755 posituim
454 3706 562 3753 servus,
581 3701 614 3743 ut
639 3694 784 3756 premium
810 3691 987 3754 promissum,
1007 3686 1098 3739 indici
1117 3683 1169 3737 hae

167 3754 257 3821 beret,
285 3764 472 3810 manumissus
498 3770 525 3811 et
545 3758 582 3813 ob
601 3760 695 3812 scelus
717 3757 824 3826 proditi
843 3756 952 3811 dontiui
971 3755 1005 3807 de
1023 3770 1103 3808 saxo.
1117 3752 1167 3804 de-

165 3829 257 3878 iectus
275 3837 326 3877 est.
344 3825 408 3882 Liv.
429 3826 448 3881 l.
467 3844 501 3891 o.,
518 3828 597 3881 Veli.
612 3828 721 3884 Patere.
741 3828 778 3880 ΙΙ.
798 3845 839 3895 19,
856 3826 1004 3881 Plutarch.
1018 3822 1105 3878 'Sulla
1127 3841 1167 3884 ro,

235 3894 426 3962 efflorescenti]
462 3894 510 3950 Sic
529 3913 567 3950 ex
587 3898 655 3950 Eru.
681 3901 845 3948 coniectura
867 3904 985 3946 recentt.
1012 3904 1077 3963 post
1098 3889 1167 3947 scu.

164 3992 197 4006 ·-
210 3965 480 4088 florescefficeodd.
498 3977 527 4020 et
551 3967 640 4035 vulgo
658 3965 724 4020 edd.
751 3964 819 4025 iuda
837 3961 873 4018 ab
890 3966 1042 4037 antiquiss.
1062 3990 1096 4004 ·-
1108 3963 1167 4033 stu·
1185 3980 1189 3991 ¹

164 4045 240 4090 rents
286 4049 321 4088 ue
348 4065 356 4083 .
399 4070 405 4085 .
888 4062 891 4067 ·
976 4052 981 4067 ¹
1232 4051 1234 4056 ·
