2618 4440
211 302 254 371 90
337 308 347 325 ·
444 246 450 371 ¹.
516 289 817 397 ·-c1cua0n1s

211 502 306 566 etant,
327 479 469 576 plurima
490 501 537 551 cst
559 501 590 550 ct
614 487 648 550 in
670 486 760 552 omni
782 485 854 549 iure
875 480 964 548 civili
981 497 1014 549 et
1035 483 1070 549 in
1091 488 1210 576 ponti-

209 590 308 658 ficum
343 586 438 655 libris
470 607 516 656 et·
536 591 572 655 in
600 589 665 655 XII
699 585 815 681 tabulis
850 589 1045 680 antiquitatis
1077 589 1222 676 effigies„

209 695 298 788 quod
325 713 357 761 et
389 694 565 763 verborum
601 696 709 786 prisca
740 712 876 762 vetustas
906 696 1133 778 cognoscitur,
1175 715 1210 765 et

207 804 370 868 actionum
387 800 503 884 ge'ncra
519 799 675 890 quaedam
692 801 851 867 maiorum
865 798 1136 867 ¹consuetudinem
1152 804 1208 868 vi-

136 898 140 908 *
209 926 338 998 tamque
357 902 538 989 declarant3
561 905 630 972 sive
653 905 726 996 quis
746 902 877 971 civilem
894 905 1102 990 scicntiam†
1123 928 1210 973 con·
1293 905 1300 919 ’

208 1008 402 1102 templatur,
438 1034 535 1101 quam
564 1008 719 1078 Scaevola
750 1034 830 1081 non,
851 1027 941 1102 putat
970 1012 1109 1078 oratoris
1138 1034 1209 1111 csse

210 1139 345 1151 --——

209 1195 297 1260 quies.
314 1201 343 1242 et
360 1187 437 1241 Man.
461 1189 523 1241 ltoec
547 1188 646 1242 alienu
663 1187 770 1253 studia,
789 1204 865 1241 unus
881 1186 944 1244 cod.
962 1187 1033 1256 lleg.
1051 1189 1113 1242 lroec
1127 1191 1208 1245 utica
1286 1250 1288 1255 ,

208 1262 320 1322 studia,
343 1258 435 1313 Havn.
457 1258 479 1311 Β
498 1256 593 1311 olisna
610 1260 705 1311 studia
730 1259 800 1315 haec.
817 1286 852 1296 —
873 1257 934 1309 lloec
952 1254 1040 1324 vulgo
1064 1263 1209 1321 omittitur
1266 1288 1276 1295 -

207 1332 274 1383 imle
293 1328 328 1381 ab
347 1328 441 1393 Atrio,
463 1329 512 1380 sed
530 1332 561 1380 in
579 1340 715 1396 corriipto
741 1344 803 1380 rou.
826 1328 922 1379 aliena
942 1332 1126 1381 consentiunt
1142 1327 1207 1383 lert

210 1401 283 1464 stlat,
302 1404 358 1451 nisi
377 1397 455 1465 qiiod
472 1395 555 1463 seu,
579 1397 705 1451 Mueller
725 1409 753 1450 ct
771 1394 854 1453 Olsh.
880 1408 1051 1466 receperunt
1071 1398 1208 1451 emenda-

206 1475 315 1522 tionem
341 1487 357 1520 a
374 1467 598 1533 wyttenbachio
617 1472 647 1519 in
672 1464 745 1521 Bibl.
773 1472 835 1519 crit.
856 1465 878 1519 Ι.
896 1483 933 1534 p.
962 1467 993 1518 14
1012 1470 1206 1535 propositam

205 1542 342 1610 antiqua,
370 1554 454 1604 quain
480 1538 597 1589 eandem
622 1543 653 1589 iu
677 1537 768 1589 llavn.
787 1535 819 1588 ll.
846 1547 953 1589 recent.
973 1552 1057 1589 rriauu
1085 1538 1207 1604 vulgatas

205 1611 323 1662 lectioni
342 1612 561 1674 superscriptam
578 1610 694 1667 inueni,
723 1617 809 1671 atque
829 1600 880 1658 Or.
898 1621 950 1657 suo
968 1605 1012 1658 ed.
1031 1603 1206 1663 Manutianae

206 1677 364 1745 exemplari
389 1675 556 1742 adscriptam
579 1690 639 1725 esse
658 1686 785 1726 testatur.
827 1671 884 1725 Sed
910 1678 971 1741 ipse
994 1670 1124 1728 Orellius
1143 1693 1205 1728 non
1228 1708 1235 1723 .

205 1752 289 1798 riinris
308 1743 365 1796 sibi
387 1746 497 1809 placere
518 1744 668 1810 prometur
687 1744 742 1794 hoo
762 1735 886 1810 poiitum
902 1760 954 1810 pro
973 1759 1001 1796 v.
1018 1745 1205 1814 antiquitatis

206 1817 302 1870 studia
324 1824 352 1863 et
370 1811 448 1864 aliud
475 1813 544 1880 qiud
570 1818 599 1865 in
620 1813 681 1863 buc
700 1814 789 1865 lutere
814 1818 990 1882 suspicatur,
1018 1812 1122 1866 nomen
1139 1813 1205 1867 lor·
1262 1875 1266 1880 ¹

205 1898 278 1937 tasse
298 1886 462 1950 proprium.
499 1898 524 1935 v.
548 1897 572 1932 c.
602 1881 662 1932 ltoec
679 1882 858 1950 Lougiuiaua
885 1883 931 1935 vel
950 1881 1010 1932 ltoec
1036 1882 1204 1937 Catoniana.

204 1952 351 2007 Eiusmodi
383 1967 485 2002 riotuen
513 1955 661 2019 proprium
696 1968 771 2003 ritino
805 1953 880 2001 cralt
905 1950 1047 2018 Madvigii
1073 1955 1218 2005 acumen(
1276 1982 1280 1988 ·

204 2020 411 2087 Intelligendus
430 2032 471 2071 est
486 2021 590 2073 Lucius
600 2022 694 2073 AElius
711 2021 884 2083 Lanuvinus,
903 2020 1012 2089 duplici
1030 2027 1204 2089 cognomine

203 2091 386 2145 Praeconinus
404 2100 431 2140 et
450 2090 532 2150 Stilo,
559 2090 594 2142 de
612 2107 670 2158 qno
689 2090 747 2141 liaec
764 2087 865 2142 scribit
883 2084 982 2143 Cicero
1000 2094 1031 2142 iu
1049 2090 1139 2143 lli-uto
1156 2090 1204 2144 56.
1259 2093 1264 2099 ’

202 2164 274 2214 nob:
301 2161 368 2210 Fuit
386 2162 493 2212 omuino
512 2161 555 2212 uir
582 2161 713 2231 egregius
739 2171 768 2212 st
785 2176 868 2229 eques
890 2161 1044 2213 Romanus.
1057 2180 1117 2213 cum
1136 2164 1205 2230 pri-

203 2234 255 2285 ruis
270 2231 405 2282 ltouestur
424 2231 552 2301 idemque
564 2232 769 2282 eruditissimus
791 2238 820 2281 ot
839 2230 946 2281 Graecis
972 2230 1075 2301 litteris
1096 2241 1124 2282 et
1142 2234 1204 2282 Lu-

202 2305 287 2364 tinis,
313 2302 548 2371 atuiquitutt'sque
567 2312 670 2352 nostrae
689 2309 718 2351 et
737 2303 766 2352 iu
785 2300 906 2350 iuuentis
926 2298 1007 2350 rebus
1025 2310 1053 2351 et
1080 2300 1109 2351 iu
1128 2303 1204 2353 actis

201 2375 421 2441 scriptorumque
435 2371 830 2438 veterumlitterataperitus:
853 2387 935 2438 quum
951 2371 1095 2421 scientium
1110 2370 1205 2424 Varro
1232 2423 1233 2426 ,

203 2453 295 2496 noster
315 2452 457 2509 occeptum
478 2441 513 2490 ob
528 2440 762 2509 illo-auctumque
777 2457 829 2507 per
843 2456 909 2501 sese,
937 2440 980 2490 vir
998 2440 1107 2509 iugenio
1121 2458 1204 2508 prae-

202 2523 283 2564 stans
301 2512 427 2580 omnique
446 2512 588 2574 doctriua,
612 2510 742 2578 pluribus
760 2517 788 2559 et
804 2507 1004 2560 illustrioribus
1024 2511 1131 2561 litteris
1150 2530 1203 2561 ex.

128 2631 130 2636 ,
198 2581 318 2652 plicavit
341 2590 394 2635 etc.
434 2579 544 2630 Ibidem
571 2579 593 2644 ᾗ.
615 2596 665 2647 207
685 2587 885 2630 comurrmorat
906 2575 1023 2641 Cicero,
1048 2595 1079 2631 se
1103 2579 1203 2631 adole·

179 2662 327 2703 ¹suentem
345 2648 523 2716 perstudiose
542 2663 606 2699 emn
628 2647 727 2699 audii-c
746 2648 870 2699 solitum.
902 2643 958 2698 cn.
978 2648 1000 2704 Ι.
1020 2647 1107 2702 Acad.
1129 2666 1153 2702 2.
1175 2652 1202 2714 8,

202 2720 238 2771 ll.
260 2718 346 2783 Legg.
361 2719 403 2767 23.
418 2724 461 2784 59,
481 2714 599 2768 Sueton.
618 2717 654 2768 dc
667 2717 776 2772 illustrs
790 2712 913 2767 Gratum.
932 2733 957 2770 c.
976 2717 1001 2778 3,
1018 2714 1093 2773 Geli.
1106 2717 1141 2769 N.
1162 2716 1202 2772 A.

203 2788 242 2840 X.
263 2804 292 2837 αι
314 2787 350 2837 al.
369 2814 405 2823 -
422 2789 494 2836 Hoec
512 2797 607 2837 nutem
625 2780 721 2836 studia
741 2787 810 2838 dicit
827 2783 952 2849 Crassus,
969 2787 1046 2853 quod
1065 2788 1120 2848 hoc
1134 2791 1201 2857 ipso

202 2867 330 2922 tempore
350 2853 463 2905 vivebat
481 2866 510 2907 ct
529 2859 705 2923 antiquitatis
724 2855 824 2906 studiis
844 2853 958 2906 vacabat
976 2856 1081 2909 AElius.

273 2927 302 2974 iu
320 2925 482 2992 pontificum
494 2924 582 2991 libris]
611 2923 783 2977 Pontificum
802 2923 867 2976 libri
881 2923 1015 2980 videntur
1028 2924 1199 2990 escendam,

202 2992 338 3062 quislibi
363 2996 401 3060 (v.
423 3011 447 3046 c.
469 2993 532 3047 Lis.
551 2993 602 3047 IV.
628 2995 657 3058 5)
683 2992 850 3061 pontificatu
876 3000 1070 3047 cotriinentarii
1092 2995 1199 3046 (bersn-
1253 3042 1261 3049 .

200 3077 256 3131 tur,
271 3056 376 3131 ipuibus
395 3080 436 3128 ea,
461 3081 523 3131 quaa
541 3063 575 3114 ml
590 3080 640 3115 aes
660 3066 749 3115 sacras
768 3063 965 3130 pertinebant,
991 3071 1081 3116 etius
1101 3065 1215 3133 poutl-'

199 3130 299 3189 licium
317 3133 545 3196 continebantur,
570 3133 704 3185 admixtis
723 3149 775 3201 per
793 3137 969 3186 occasionem
987 3136 1135 3201 nonnullis
1153 3134 1201 3187 hi-

199 3210 311 3256 storicis
330 3202 433 3263 rebus;
468 3219 560 3272 ireque
581 3214 674 3255 tainen
695 3214 843 3270 propterea
863 3202 979 3255 bilibri
1002 3203 1201 3256 corifundendi
1248 3208 1272 3250 .’
1299 3190 1306 3209 “

180 3287 265 3326 Ι·ειιιιῑ
292 3291 357 3325 cum
375 3272 524 3325 annalibus
541 3273 709 3341 pontificum
731 3272 810 3326 Max.
828 3290 851 3324 s.
874 3271 1035 3325 Annalibus
1053 3272 1200 3335 Maximis,

197 3344 277 3461 {prod
302 3344 408 3395 lactum
434 3355 476 3394 est
494 3361 508 3396 a
528 3341 670 3396 Crenzero
700 3342 733 3396 ad
757 3341 882 3411 lsLsgg.
903 3362 926 3394 2.
955 3343 971 3393 6
997 3360 1025 3408 p.
1054 3343 1085 3394 16
1114 3354 1143 3394 et
1163 3342 1199 3393 ad

227 3414 281 3466 ,tt
299 3413 322 3468 Ι.
341 3414 384 3464 50.
401 3414 435 3465 84
455 3431 482 3481 p.
502 3413 560 3479 154,
580 3413 715 3479 lucinio„
733 3415 811 3471 aliist
832 3410 1053 3466 naanontillcii
1066 3411 1133 3464 libri
1153 3415 1201 3473 (ut
1245 3467 1249 3477 ⁴

181 3480 267 3533 'libri
285 3481 459 3549 Angmales)
484 3484 661 3550 disciplinam
681 3482 872 3550 pontificalem
894 3481 1050 3541 tradebant,
1069 3482 1198 3551 Arriiales

199 3546 317 3604 Maitiml
345 3552 472 3605 historici
499 3564 579 3604 eraut
605 3557 763 3618 argumenti
784 3552 849 3620 (clr.
875 3552 922 3604 lib.
948 3552 984 3609 li.
1010 3570 1049 3602 12.
1068 3547 1124 3616 bn),
1153 3553 1199 3605 itit
1230 3586 1232 3589 v

199 3620 260 3668 sine
280 3619 368 3670 dubio
387 3626 416 3672 in
431 3621 600 3690 pontificum
620 3620 812 3687 penetralibus
833 3625 952 3689 repositi
972 3619 1036 3684 (cir.
1053 3620 1116 3677 Lis.
1133 3623 1151 3673 l.
1172 3614 1200 3681 θ’.

190 3697 233 3750 ,οὶ
246 3687 300 3738 ΙΧ.
322 3689 376 3753 46),
397 3690 428 3741 hi
448 3693 536 3760 vulgo
558 3695 707 3756 propositi.
1080 3732 1084 3741 ,

271 3761 483 3826 conteruplamr]
534 3756 581 3810 Sic
608 3774 644 3810 ex
663 3756 759 3810 Girell.
778 3755 800 3806 ll
820 3751 947 3810 Orellius
966 3776 1031 3812 cum
1049 3759 1195 3810 llllomltio

199 3826 232 3879 ml
253 3825 330 3877 itriu.
349 3843 375 3892 p.
396 3829 507 3878 ztir-
532 3829 731 3895 contempletur
751 3828 842 3882 Havn.
864 3825 893 3888 ii,
912 3824 960 3880 da
981 3847 1036 3883 rac.
1055 3847 1149 3893 ttinnn,
1167 3839 1200 3895 et

198 3903 238 3951 sie
259 3897 346 3960 vulgo
375 3898 439 3948 irnlo
466 3897 499 3948 ab
520 3903 668 3964 antiquiss.
693 3897 757 3948 odd.
798 3893 918 3948 Sensum
940 3898 1055 3949 verbu:
1083 3901 1140 3949 sive
1159 3926 1194 3946 ,ψ

199 3966 397 4032 contempletur
414 3965 571 4019 bluslle'rna
590 3968 659 4018 uicit
679 3983 755 4018 csse:
775 3967 853 4016 ''sirc
875 3972 939 4032 (piris
959 3971 1052 4028 civilis
1068 3968 1195 4034 pruden-

198 4042 242 4090 tiu
262 4034 400 4106 effigium,
427 4036 461 4089 ad
481 4033 744 4107 cmuemplationesu
762 4041 946 4113 propositam,
968 4039 1107 4111 quaerat-'¹¹
1136 4037 1193 4092 tien
