2618 4440
215 292 281 366 ast
556 278 828 391 cremona
902 336 907 347 .

217 477 296 560 dixi,
317 477 477 543 rationem
491 476 724 558 nnnlarhimm·
744 478 923 569 exspectari
941 502 960 544 a
978 480 1042 563 nte,
1064 481 1141 572 puri
1162 481 1221 549 di·

218 582 384 673 lucidique
413 583 594 650 sermonisr.
648 586 767 675 Neque
793 584 1064 653 cuim.conamur
1094 569 1221 655 ddcere

217 714 300 757 eum·
313 689 434 771 dicere,
455 690 514 780 qui
535 685 628 780 loqrd
651 690 793 770 nesciat,
816 688 878 756 nec
898 713 1047 781 sperare,
1066 692 1125 781 qui
1149 693 1219 761 La-

217 797 286 862 tine
305 792 374 862 non
393 795 505 887 grossis,
547 791 636 867 hunc
657 811 771 860 ornate
792 818 862 861 csse
880 793 1065 892 dicturum,
1108 821 1219 890 neque

218 896 309 982 vcro,
334 892 399 991 qui
418 894 602 981 nondinae
626 895 970 988 quod-intelligamus,
998 907 1085 967 hunc
1106 927 1218 994 posse,

167 1008 173 1013 “
217 1005 308 1098 quod
332 1004 549 1087 admiremur,
584 1003 706 1071 dicere.
772 1000 972 1097 Linquamus
989 996 1094 1091 igitur
1121 1007 1216 1095 haec,

216 1135 299 1203 quae
319 1110 538 1195 cognitionem
559 1107 844 1199 habemlacssem,
868 1135 962 1178 usum
984 1115 1215 1186 necessarium.

214 1216 298 1286 Natu
316 1214 452 1283 alterum
467 1213 616 1281 traditur·
627 1210 737 1282 'literis
759 1214 1133 1310 doctrinaque-puerili3
1162 1218 1217 1287 al..

213 1321 512 1392 terum'adhibctur
533 1321 579 1390 ob'
592 1344 664 1386 cam
684 1326 821 1406 causam,
841 1338 878 1389 ut
898 1319 1105 1408 intelligatur,
1130 1328 1215 1418 quid

214 1426 351 1522 quisque
370 1426 474 1510 dicat}
498 1425 587 1520 quod
610 1425 757 1494 videmus
777 1407 911 1496 iu'·-eue
930 1433 1215 1516 necessariumut
1255 1477 1260 1487 ·

214 1555 322 1612 tamen
349 1558 389 1600 eo
413 1536 520 1601 minus
550 1529 634 1598 nihil
664 1541 734 1598 e'sse
757 1534 871 1625 possit.
928 1545 982 1614 39.
1016 1536 1082 1603 Sed
1104 1541 1213 1608 omnis

198 1622 372 1732 ‘loquendi
393 1635 551 1721 elegantia
575 1650 769 1728 quamquam
791 1635 956 1729 expolitur
977 1643 1109 1710 scientia
1132 1641 1212 1712 lite-

212 1767 340 1825 rarum,
377 1745 485 1811 tamesi
504 1737 638 1823 augetur
657 1738 803 1824 legendis
828 1740 1011 1812 oratoribus
1039 1766 1071 1814 et
1092 1753 1212 1839 podtis.

140 1896 143 1905 .
212 1838 296 1917 Sunt
317 1846 404 1914 euim
426 1840 482 1908 illi
500 1860 642 1925 veteres,
671 1847 732 1933 qui
753 1869 870 1911 ornare
891 1849 1038 1916 nondum
1057 1865 1212 1943 potcrant

210 1978 263 2038 ea,
295 1973 388 2044 ‚quae
410 1948 576 2034 dicebant,
604 1960 730 2017 'omncs
753 1956 866 2052 'prope
896 1952 1062 2042 praeclare
1087 1956 1211 2048 locuti3

210 2083 354 2154 quorum
377 2079 526 2124 sermone
546 2053 712 2134 ¹assuefacti
743 2056 930 2148 quierunt,
975 2082 1017 2124 ne
1041 2065 1210 2152 cupientes

210 2166 344 2261 quidem
373 2171 529 2257 poterunt
558 2157 650 2252 loqui
678 2147 745 2226 nisi
767 2162 890 2233 Latine.
963 2167 1076 2256 Neque
1099 2185 1210 2239 tamen

208 2277 272 2341 erit
290 2269 445 2339 utendum
466 2269 574 2336 verbis
596 2269 646 2349 iis,
668 2268 785 2358 quibus
799 2269 862 2334 iam
877 2270 1075 2338 consuetudo
1096 2292 1209 2345 nostra
1286 2313 1289 2318 ·

207 2405 275 2448 non
294 2381 413 2460 utitur,
441 2377 503 2442 nisi
526 2360 656 2466 quando
681 2372 820 2440 ornandi
844 2397 1071 2468 carna-parce,
1115 2382 1208 2470 quod

208 2485 395 2566 ostendam,
428 2479 486 2548 sed
507 2481 628 2546 usitatis
650 2481 693 2543 ita
716 2480 841 2570 poterit
872 2482 937 2560 uti,
970 2479 1207 2555 lectissimisut

207 2610 332 2673 utatur,
368 2589 415 2667 is,
453 2588 511 2676 qui
539 2586 575 2650 in
597 2583 758 2651 veteribus
778 2585 842 2653 erit
862 2588 990 2677 scriptis
1011 2588 1152 2656 studiose
1174 2610 1208 2660 et

205 2695 344 2764 multum
365 2688 537 2759 volutatus.

296 2799 357 2870 XI.
378 2805 433 2871 40.
474 2798 583 2886 Atque
603 2811 638 2860 ut
653 2792 766 2861 Latine
789 2790 978 2886 loquamur,
1008 2821 1075 2863 non
1096 2797 1205 2870 solum

176 2942 180 2950 ·
206 2896 466 2994 videndum'cst,
493 2917 530 2966 ut
551 2917 583 2966 et
603 2900 702 2967 verba
722 2899 890 2966 ederamus
914 2926 966 2984 ca,
1000 2928 1080 2995 quae
1103 2896 1204 2975 nemd

205 3017 275 3079 iure
296 3006 529 3103 reprehendat,
559 3023 591 3072 ct
615 3013 653 3073 ea
673 3005 728 3071 sic:
743 3007 918 3073 carensibus
947 3026 978 3074 et
1001 3012 1204 3101 temporibus

204 3137 235 3186 et
257 3139 374 3203 genere
398 3130 429 3180 ct
452 3116 589 3178 numero
612 3134 872 3191 conservemus„
889 3129 929 3178 ut
951 3137 992 3178 ne
1015 3115 1094 3206 quid
1116 3142 1202 3208 per-

204 3226 367 3296 turbatum
395 3242 432 3286 ac
456 3218 645 3310 discrepans
673 3234 728 3284 aut
757 3236 1002 3311 praeposterum
1035 3221 1096 3302 sit3
1142 3225 1226 3294 scd'

273 3394 340 3464 Cap.
357 3391 388 3445 X
416 3393 438 3460 5.
460 3389 502 3443 38.
540 3391 633 3442 docere
656 3406 719 3440 eum
739 3388 841 3456 dicere]
883 3382 930 3443 Sic
952 3396 1049 3448 usatites
1068 3394 1152 3450 codd.
1171 3412 1202 3454 ct

202 3468 291 3534 utalgo
311 3463 373 3518 edd.
396 3463 539 3513 -dicere
557 3477 617 3510 eam
636 3459 730 3511 docere
748 3458 814 3515 sch.
832 3476 848 3510 c
865 3465 952 3526 conia,
970 3479 1093 3531 eumque
1112 3483 1202 3522 secu.

203 3549 248 3589 tus
268 3547 310 3589 est
328 3530 495 3585 Muellerus'.
509 3558 544 3568 -
560 3533 619 3583 Nec
636 3546 749 3598 sperare
768 3534 940 3599 ’'Speremus
959 3531 1069 3596 Larub.;
1089 3537 1138 3588 sed
1160 3555 1200 3597 ear

202 3623 229 3660 v.
249 3622 380 3657 conatum
400 3601 434 3654 ad
451 3617 480 3656 v.
498 3616 610 3669 sperare
629 3577 800 3651 eliciendum
820 3611 863 3652 est
875 3602 1035 3654 aademusr'
1070 3600 1164 3660 Orcll,

272 3673 339 3742 Cap.
356 3671 412 3726 Xt.
432 3672 455 3739 5.
476 3671 518 3724 4ο.
556 3668 754 3734 conservemus]
791 3669 838 3721 Sic
859 3686 957 3722 ornnes
985 3673 1046 3725 lere
1068 3675 1152 3729 codd.
1172 3691 1203 3735 et

200 3743 289 3809 arrigo
305 3742 368 3794 edd.
385 3749 624 3793 -.constrnenuts
638 3737 701 3790 cod·
720 3739 790 3806 Reg.
809 3740 886 3808 7753,
909 3742 984 3792 uude
1003 3754 1201 3801 commum,

159 3861 168 3871 ,
201 3813 292 3879 placet
308 3807 429 3873 Omitto,
448 3813 502 3878 qui
516 3819 660 3877 cotnparat
677 3824 701 3860 c.
719 3806 764 3859 δι.
786 3811 848 3863 125:
869 3813 1092 3879 quemadmodum
1110 3819 1201 3871 mg„

125 3907 133 3915 ·
200 3890 296 3933 stream
315 3889 342 3932 et
360 3880 507 3932 illuminet.
543 3877 604 3933 Sed
617 3887 774 3931 construere
785 3877 877 3930 ‘verba
893 3882 1011 3946 casibus,
1029 3887 1200 3952 renaporidus

200 3963 252 4007 etc.
272 3955 321 4013 rix
341 3948 438 4000 Latine
463 3947 577 4005 dicitur.
604 3976 638 3988 -
663 3962 837 4002 conseramus
864 3964 880 4001 e
907 3956 982 4010 coni.
1008 3952 1100 4008 edidit
1117 3953 1199 4028 Scin,

201 4037 287 4089 quent
307 4021 438 4087 sequitur
456 4016 622 4076 Muellerus,
