2618 4440
158 282 236 368 er·
528 230 808 362 creemus
865 340 868 345 .
954 316 956 321 ·

158 487 216 551 stri
230 508 324 577 saepe
344 504 450 576 potest
471 483 617 553 accidere
640 504 676 552 ut
699 494 814 561 causae
823 506 991 569 versentur
1016 490 1050 555 in
1072 493 1159 561 iure:

158 591 288 657 Etenim
309 593 355 656 sic
380 591 419 659 C.
443 591 649 675 Mancinum,
684 590 921 659 nobilissimum
945 613 1040 685 atquc
1064 600 1159 687 opti-

158 720 248 761 mum
277 700 441 785 virumac
466 694 677 779 consularem,
701 708 801 787 quum
829 717 967 790 propter
998 702 1160 784 invidiam

157 798 346 868 Nuinantini
369 801 509 867 foederis
531 820 622 893 pater
649 820 790 892 patratus
814 829 854 868 ex
882 808 916 872 S.
941 805 978 871 C.
1007 811 1168 889 Numan..
1253 886 1257 893 ἱ

157 911 239 1000 tinisx
257 908 448 989 dedidisset,
477 930 614 998 eumque
632 905 682 971 illi
702 932 770 975 non
795 911 997 1000 recepissent,
1022 931 1158 1002 postea·
1225 942 1232 960 ¹

158 1038 221 1104 que
243 1006 412 1086 Mancinus
434 1012 567 1078 domum
600 1015 794 1095 revenisset,
824 1038 929 1105 neque
950 1018 986 1080 in
1008 1030 1158 1088 senatum

156 1121 294 1186 introire
316 1119 507 1201 dubitasset,
539 1118 574 1185 P.
597 1117 757 1201 Rutilius,
785 1119 833 1185 M.
862 1118 967 1202 iilius,
1005 1123 1183 1195 tribunus¹
1253 1141 1256 1149 '

100 1256 104 1261 ·
155 1223 278 1315 plebis,
315 1223 530 1306 itrssit'educi,
567 1222 753 1314 quodcum
778 1224 882 1289 civem
910 1244 1040 1309 negaret
1066 1252 1158 1312 esse;
1213 1264 1216 1270 Δ

156 1332 230 1422 quia
254 1318 409 1396 memorii
438 1331 497 1393 sie¹
511 1346 591 1394 esset
616 1329 801 1419 proditum,
835 1353 933 1419 quem
959 1350 1051 1421 peter
1077 1359 1157 1403 suus

154 1455 206 1501 aut
224 1433 366 1527 populos
390 1433 596 1515 vendidisset,
617 1454 669 1500 aut
689 1453 782 1526 pater
804 1452 945 1526 patratus
967 1435 1158 1523 dedidisset,-

154 1545 184 1608 ei
209 1539 338 1607 nullum
359 1563 426 1605 esse
447 1536 697 1631 postliminium.
743 1554 817 1616 182.
853 1540 961 1628 Quam
982 1567 1156 1633 possumus
1234 1609 1240 1620 ,

148 1676 149 1681 ’
155 1680 292 1703 ——ffl

222 1753 288 1822 Cap.
307 1752 370 1806 XL.
389 1753 412 1818 5.
434 1750 492 1806 181.
528 1750 654 1809 Etenim¹
668 1751 708 1804 sic
732 1753 760 1806 C.
785 1750 957 1822 Mancinum]
993 1756 1103 1809 Etenim
1124 1718 1161 1811 rs:

154 1830 184 1889 0,
200 1826 362 1877 Mancinum
380 1823 473 1872 Havn.
494 1832 596 1888 uterq„
617 1814 678 1875 cdd.
700 1827 857 1890 antiquiss„
875 1822 951 1888 Ate,
969 1824 1050 1892 prob.
1068 1825 1153 1881 Mad-

152 1900 242 1964 vigio,
263 1897 314 1959 qui
328 1891 465 1959 apodosin
484 1896 611 1958 incipere
630 1901 728 1942 monet
742 1911 758 1944 a
776 1891 887 1944 verbis:
907 1910 989 1964 quom
1005 1912 1154 1962 possumus

153 1968 360 2034 reperireris,
384 1977 446 2027 que
464 1961 580 2026 quidem
597 1963 630 2012 in
646 1962 761 2026 vulgate
781 1962 903 2014 lectione
922 1967 1006 2014 nirnis
1028 1963 1152 2033 abrupte

60 2045 63 2049 “
151 2037 246 2088 addita
267 2044 334 2085 sunt
360 2028 566 2098 superioribus.
587 2056 623 2067 -
649 2033 677 2084 0.
694 2028 1004 2085 HostiliusMancinus
1026 2036 1057 2083 iu
1081 2049 1154 2086 corr·

152 2107 255 2165 sulatu,
282 2116 366 2168 (ruem
396 2118 420 2151 a.
439 2098 473 2150 U.
501 2099 552 2166 617
577 2098 654 2162 (137)
679 2115 744 2151 eum
762 2099 802 2153 M.
829 2100 927 2154 AEnril.
948 2100 1056 2169 Lepido
1078 2103 1154 2156 Por-

151 2181 214 2229 cina
231 2175 332 2239 gessit,
358 2169 493 2228 adversos
512 2168 700 2221 Numantinos
724 2171 796 2221 ursle
823 2175 962 2238 pugnavit
990 2184 1091 2238 atque,
1118 2183 1153 2225 ut

152 2249 311 2298 exercitum
329 2238 363 2290 ab
384 2235 514 2290 hostibus
533 2243 760 2289 circumventum
779 2251 920 2308 servaret,
944 2251 1059 2293 auctore
1081 2239 1149 2297 Tib.

151 2308 446 2377 Graccho‘quaestore,
464 2309 684 2373 ignominiosam
693 2320 797 2375 paoem
816 2308 894 2364 feeit.
927 2307 985 2361 Sed
1006 2310 1078 2363 hano
1096 2312 1155 2380 pass'

150 2401 212 2436 cem
230 2393 318 2434 ratam
338 2394 399 2430 esse
418 2388 530 2429 senatus
551 2381 657 2443 vetuit,
674 2387 769 2444 atque
789 2382 849 2445 ipse
868 2377 1019 2432 Mancinus
1036 2391 1149 2435 tautum

150 2453 251 2513 abluit,
274 2463 305 2501 ut
324 2464 444 2514 poenam
463 2455 622 2507 recusaret,
652 2457 684 2497 ut
706 2451 881 2512 rogationem
902 2449 1041 2512 suaderet,
1060 2466 1157 2516 quam·

150 2524 182 2576 L.
196 2524 299 2574 Furius
317 2518 429 2580 Philus,
457 2513 524 2568 Sex.
545 2513 653 2566 Atilius
672 2512 827 2577 Serranus,
844 2533 901 2583 seq.
921 2522 987 2568 atini
1005 2534 1087 2582 coss„
1107 2537 1155 2583 ex,

149 2593 179 2646 S.
198 2591 228 2641 C·
246 2586 386 2648 ferebant,
413 2593 446 2634 ut
466 2583 646 2634 Numantinis
667 2582 833 2648 dederetur3
866 2603 921 2653 qrrs
945 2599 1068 2661 accepta,
1094 2605 1149 2655 per

147 2659 260 2715 fetiales
287 2656 381 2707 nudus
410 2652 442 2703 ἑο
470 2666 535 2720 post
558 2662 672 2718 tergum
699 2648 824 2720 religatis
852 2655 982 2707 matribus
1016 2656 1152 2712 hostibus
1198 2693 1201 2701 .

50 2752 52 2756 .
149 2731 263 2783 deditus
283 2735 334 2776 est.
369 2720 444 2773 Vide
466 2736 538 2786 qtros
565 2731 695 2772 auctores
717 2723 947 2776 laudatlleierus
966 2725 1000 2776 ad
1019 2721 1149 2781 [stoli.

149 2802 264 2868 50..109
285 2812 311 2860 p.
333 2794 401 2860 3903
430 2790 500 2841 adde
518 2790 569 2840 lll.
591 2789 626 2841 de
645 2790 757 2857 republ.
779 2793 819 2844 18.
872 2794 926 2857 (lle
945 2794 1066 2847 dedendi
1084 2800 1147 2849 ritu

148 2881 177 2922 et
195 2865 318 2918 formula
344 2860 408 2933 uide
435 2859 497 2911 Liris
515 2858 568 2912 IX.
592 2876 637 2920 103
664 2860 701 2912 de
725 2872 810 2929 patre
833 2871 952 2929 patrato
974 2864 1095 2916 eundem
1121 2864 1146 2920 1.

149 2938 206 3001 24.)
243 2932 299 2986 Sed
320 2942 408 2999 quum
427 2929 593 2980 Numantini
618 2944 684 2981 eum
705 2944 762 2981 non
783 2935 963 2999 recepissent,
990 2942 1146 3000 posteaque

148 3000 440 3073 Matreious,tlotrtrrtn
459 3002 631 3059 revenisset,
657 3010 718 3050 orta
737 3011 779 3051 est
798 3015 830 3051 ee
848 3017 947 3065 cause,
969 3020 1058 3070 quam
1076 3002 1106 3054 h.
1126 3005 1147 3056 l.

146 3081 349 3132 eonunemorat
362 3067 478 3130 Ciceros
498 3084 556 3134 quo
575 3067 683 3119 iudicio
704 3073 835 3136 superior
854 3070 1013 3123 discessisse
1030 3072 1147 3125 ridetur

146 3149 305 3203 Mancinus.
343 3136 400 3191 Csr.
421 3135 479 3190 Cio.
499 3138 601 3203 Topie.
620 3137 644 3189 8.
665 3135 707 3205 37,
748 3155 780 3189 ro
800 3136 898 3190 Caesio.
917 3141 959 3194 54,
982 3141 1024 3208 98.
1121 3186 1125 3197 Ι
1220 3148 1223 3157 ·

219 3233 300 3287 quum
316 3208 440 3278 propter]
478 3205 526 3259 Sic
544 3205 635 3257 llavn.
654 3204 691 3269 A,
741 3225 792 3259 xx.
811 3223 918 3270 omnes,
936 3207 1032 3261 Guelf.
1053 3205 1090 3272 A,
1111 3206 1146 3274 B,

146 3286 175 3351 C,
187 3286 257 3348 Est,
271 3283 333 3335 edd.
350 3281 506 3345 antiquis-s„
518 3274 594 3336 Alci„
611 3272 677 3326 Sch.
689 3280 720 3328 iu
734 3277 776 3328 ed.
797 3281 870 3340 moi,
886 3274 967 3330 Olsh.
981 3306 1017 3317 -
1028 3278 1146 3345 Vulgo:
1247 3326 1250 3331 ,

147 3376 229 3428 quum
247 3352 445 3419 ersnrpropter.
465 3345 617 3397 -Paullo
644 3356 708 3396 ente
727 3344 835 3397 'retinui
861 3349 940 3414 vulg.
960 3367 994 3399 ae
1014 3348 1145 3399 ceresola.

144 3445 211 3478 rem.
228 3450 264 3463 -—
282 3432 367 3491 atque
386 3417 557 3470 consularem
582 3414 640 3465 Erl.
662 3433 685 3477 1,
705 3412 800 3467 Guels.
821 3413 857 3479 A,
884 3416 944 3469 Eri.
964 3446 999 3457 ·—
1025 3436 1060 3468 oc
1087 3433 1145 3469 om.

145 3493 242 3547 Guelf.
261 3491 293 3553 R,
323 3488 353 3551 C,
381 3488 471 3540 Havn.
493 3497 596 3550 uterq„
621 3481 698 3546 sch,
723 3470 976 3551 Mueller,'0uh.,
1004 3482 1064 3550 Or,
1091 3489 1145 3553 qui

145 3564 320 3616 tamencum
344 3556 441 3614 Larub.
466 3559 496 3605 in
520 3566 607 3617 ruarg.
629 3565 728 3620 repett.
748 3553 844 3605 Latub.
865 3558 944 3608 rualit
965 3567 992 3608 et
1013 3557 1144 3608 consulo·
1198 3568 1225 3607 ·.

146 3653 211 3687 reus.
230 3660 265 3667 -
282 3627 356 3680 Infra
377 3626 458 3679 iussit
477 3622 556 3674 educi
573 3621 665 3677 Havn,
684 3634 786 3687 uterq,
805 3623 838 3684 Z,
860 3629 887 3692 β,
907 3647 932 3695 y,
955 3631 1021 3678 item
1044 3647 1061 3679 a
1082 3621 1145 3678 et&

144 3721 160 3755 a
180 3719 221 3769 pr.
239 3696 333 3757 taetro,
350 3693 447 3747 Goell.
464 3690 502 3751 A,
522 3689 551 3755 C,
572 3688 634 3741 Eri.
651 3701 680 3741 et
697 3703 815 3742 reeentt.
835 3705 898 3758 post
916 3695 983 3748 Sela.
996 3724 1030 3734 -
1043 3695 1142 3760 Volgo

49 3784 51 3789 “
143 3772 211 3824 iude
232 3767 266 3819 eb
286 3769 431 3831 antiquiss.
451 3761 516 3814 edd.
535 3763 568 3812 de
587 3768 686 3810 senatu
705 3761 788 3812 iussit
808 3764 894 3816 educi.
915 3793 949 3805 —
968 3769 1003 3818 1³.
1015 3764 1144 3817 Rutilius

140 3840 182 3892 M.
203 3839 241 3900 F,
260 3834 327 3886 trib.
346 3832 439 3900 plebis
459 3851 483 3885 a.
505 3829 696 3893 U.618‚non
721 3829 941 3888 confundendus
965 3846 1008 3888 est
1026 3850 1090 3888 curu
1109 3833 1143 3889 P.
1195 3864 1198 3869 -
1241 3832 1262 3921 ‘J

139 3909 250 3964 Rutilio
271 3901 363 3960 Rul03
395 3902 452 3952 rid.
471 3899 585 3952 Ellendt
603 3900 732 3968 prolegg.
750 3916 777 3965 p.
797 3898 842 3950 Ll.
1055 3945 1062 3965 ,

206 3970 418 4046 postliminium]
454 3969 511 4022 Cir.
531 3970 604 4036 Top.
624 3970 649 4021 8.
671 3968 704 4020 56
725 3983 785 4034 etp:
804 3974 840 4020 In
858 3970 907 4023 lroc
927 3972 1009 4023 verbo
1027 3970 1144 4023 Servius

140 4046 311 4120 (Sulpicius)
331 4049 424 4096 noster
441 4040 512 4091 isitii!
527 4049 615 4110 putot
631 4057 689 4093 esse
709 4042 870 4109 notandum,
896 4041 952 4095 nisi
966 4042 1087 4119 POST}
1111 4048 1144 4103 et
1174 4034 1200 4135 ῥ’
