2618 4440
51 340 57 351 s
125 287 193 359 aas
500 210 741 342 ciceronis
859 218 893 331 ‘s
932 284 936 291 ·

128 467 318 551 dabunturt·
341 471 430 545 346..
453 465 645 537 Gratissima
663 472 773 535 antem
791 467 862 536 lana
880 469 1132 540 corum-iacto}

126 599 201 642 rum
216 575 375 656 hahetur,
406 598 489 665 quae
509 593 657 669 suscepta
676 562 828 643 videnum
848 600 867 640 a
887 576 967 642 viris
985 572 1136 644 fortibus·

125 683 197 748 sine
216 678 435 760 emolumento
458 694 497 745 ac
518 682 684 773 praemio3
719 704 801 772 quae
824 705 905 749 vero
929 682 1027 746 etiam
1049 706 1130 752 eum

123 784 239 853 labore
259 802 292 850 et
313 781 462 876 periculo
475 786 649 876 ipsorum,
681 792 762 851 haec
783 785 905 852 habent
924 787 1130 858 uberrimam

125 893 258 983 copiam·
277 887 318 955 ad
334 887 547 974 laudandum,
571 891 662 982 qnod
682 891 797 957 et'dici
815 893 1019 958 ornatissime
1042 917 1128 983 pos-

62 1018 67 1036 ·
122 1013 197 1084 sunt
221 1012 253 1060 et
284 992 390 1060 audiri
423 990 589 1062 facillime.
646 999 696 1063 Ea
726 997 815 1063 enim
847 997 996 1088 denique
1019 1001 1128 1066 virtus

123 1097 340 1166 essevidetnr
360 1102 549 1192 praestantis
571 1100 664 1183 viri‚‚
681 1126 766 1193 quae
784 1119 832 1168 est
857 1086 1125 1186 fructuosaaliis,

124 1207 187 1297 ipsi
208 1203 497 1273 autemrlaboriosa
511 1194 572 1272 ‘aut
591 1205 776 1299 periculosa
794 1225 849 1272 aut
868 1225 955 1272 certe
975 1209 1131 1292 gratuita.-

75 1336 81 1354 ·
121 1312 241 1396 Magna
263 1304 360 1380 etiam
381 1307 439 1374 illa
459 1308 527 1401 laus
551 1329 585 1377 et
604 1309 804 1379 admirabilis
826 1311 934 1378 videri
951 1310 1047 1395 solet,
1070 1319 1164 1403 tn···'.x
1188 1357 1190 1363 ·

66 1464 71 1469 -
121 1413 196 1482 lisse
218 1439 309 1508 casus
328 1417 491 1507 sapienter
511 1415 694 1499 adversos,:
711 1418 780 1483 non
798 1414 936 1483 fractum
959 1442 1027 1483 esse
1050 1416 1126 1484 for-

120 1538 206 1603 tuna,
227 1522 396 1586 retinuisse
412 1524 450 1586 in
461 1521 558 1606 retitur
573 1523 694 1613 asperis
709 1521 910 1606 dignitatem.
955 1530 1031 1599 347.
1042 1527 1126 1592 Ne-

122 1630 186 1718 qu'e
209 1643 316 1691 tamen
342 1623 401 1690 illa
423 1649 494 1691 non
516 1628 664 1704 ornaut‚'·
683 1625 787 1691 habiti
809 1626 971 1711 honores,
994 1628 1125 1694 decreta

121 1732 250 1798 virtutis
278 1731 443 1820 praemia,
465 1752 519 1793 res
545 1730 650 1812 gestae
668 1729 797 1794 iudiciis
825 1731 1001 1799 hominum
1029 1757 1126 1799 com·
1204 1813 1211 1820 ἱ

11 1893 19 1916 ,
119 1837 291 1928 probatam
308 1838 354 1900 ¹in
376 1828 501 1925 quibua
515 1833 612 1898 etiam
639 1829 826 1898 felicitatem
854 1836 959 1924 ipsam
982 1836 1138 1907 deornm''

120 1937 353 2009 immortalium
383 1937 508 2004 indicio
531 1936 632 2002 tribui
654 1935 855 2002 laudationis·
868 1957 941 2005 est..
978 1939 1124 2007 Sumen-

76 2039 88 2137 ¹.
120 2047 180 2114 dae
200 2066 308 2113 autem
327 2050 384 2112 res'
404 2061 500 2109 erunt
519 2059 574 2108 aut
592 2040 814 2129 magnitudine
836 2041 1044 2132 praestabiles
1064 2064 1121 2112 aut

65 2223 68 2226 ,
111 2141 263 2220 ¹novitate
293 2151 418 2244 primae
444 2165 498 2214 aut
527 2173 645 2234 genere
668 2149 743 2240 ipso
767 2145 955 2231 singulares.
1003 2149 1122 2239 Neque

120 2260 209 2325 enim
233 2281 351 2351 parvae
379 2279 487 2348 neque
515 2256 648 2321 usitatae
665 2262 784 2345 ³nequc
809 2250 955 2346 'vulgares
975 2251 1124 2319 admira-

121 2366 209 2430 tione
228 2382 281 2429 aut
295 2365 430 2430 omnino
447 2350 543 2426 laude
558 2360 683 2444 dignae·
695 2359 802 2443 rideri
823 2357 940 2426 solent.
964 2366 1038 2432 348.
1060 2360 1125 2427 Est

56 2478 62 2487 ‘
121 2471 218 2535 ctiam
248 2492 322 2532 cnm
344 2467 460 2531 ceteris
484 2465 719 2556 praestantibus
752 2467 833 2531 viris
856 2464 1055 2554 comparatio
1086 2467 1124 2532 in
1193 2483 1199 2495 '

121 2573 305 2641 laudatione
320 2567 497 2660 praeclara.
537 2572 587 2634 De
602 2592 668 2656 quo
687 2590 805 2651 genere
825 2566 956 2634 libitum
976 2587 1024 2634 est
1038 2572 1136 2650 mihi,

121 2674 233 2769 paullo
251 2674 356 2765 plura,
381 2696 478 2763 quam
495 2671 708 2756 ostenderam,
730 2672 852 2756 dicere,
871 2697 940 2739 non
955 2692 1020 2740 tam
1035 2678 1122 2767 pro.

121 2800 197 2876 pter
218 2805 312 2846 usum
333 2776 506 2861 forensem,
528 2779 585 2869 qui
606 2795 694 2859 esta
714 2801 767 2844 me
790 2781 826 2842 in
849 2780 940 2844 omni
960 2779 1026 2846 hoc
1046 2807 1122 2848 scr«

121 2902 402 2971 monstraremus,
426 2910 524 2977 quam
546 2903 582 2951 ut
601 2884 666 2950 hoo
690 2882 853 2967 videretis,
877 2885 905 2952 si
921 2882 1122 2961 laudationes

16 3032 24 3048 ¹
121 3013 227 3064 essent
245 2997 280 3060 in
301 2994 439 3061 oratoris
471 2991 597 3072 officio,
630 2989 720 3082 quod
741 3014 838 3056 nemo
859 3009 971 3075 negat,
994 2995 1122 3061 oratori

39 3084 51 3101 χ
123 3105 279 3173 virtutum
294 3102 440 3166 omnium
460 3098 698 3184 cognitionem·
710 3096 782 3163 siue
796 3119 858 3188 qua
871 3093 1011 3163 laudatio
1036 3099 1131 3165 effici*

122 3236 191 3280 non
211 3209 328 3303 possit·
349 3231 416 3275 esse
436 3205 657 3305 necema'riam.
689 3209 788 3282 ⁴349.
819 3202 887 3268 Iam
912 3203 1121 3297 vituperandi

111 3307 294 3414 'praecepta
322 3313 494 3394 contrariis
522 3334 561 3411 en
587 3310 674 3376 vitiis
707 3307 861 3374 sumenda
885 3331 953 3373 esse
985 3312 1121 3413 perspi-
1158 3330 1160 3335 ·

122 3450 219 3492 cunm
239 3439 297 3489 est.
350 3416 456 3485 Simul
477 3435 523 3483 est
546 3414 628 3483 illud
651 3411 877 3498 annotatos,
910 3436 971 3477 nec
994 3414 1121 3483 bonum

50 3544 56 3558 ‘
121 3532 229 3601 virum
251 3526 438 3623 proprieset
465 3525 596 3617 copiose
615 3518 740 3589 laudari
760 3521 833 3613 sinc
852 3521 1024 3612 virtutum,
1057 3544 1121 3588 uec

35 3702 38 3707 '
122 3699 257 3716 ψ

191 3793 257 3865 Cap.
280 3792 432 3851 LXXXV.
457 3791 482 3861 §s
506 3791 570 3861 547:
592 3791 724 3842 -decreta
749 3787 865 3841 virtutis
885 3750 1017 3870 proemici]
1055 3789 1120 3841 De-

123 3876 201 3920 creta
217 3868 318 3918 virtnti
342 3866 461 3932 praemia
480 3861 576 3917 Lamb.
595 3872 624 3912 et
642 3858 709 3913 Sch.
729 3861 760 3909 in
785 3859 830 3913 ed.
853 3863 917 3912 mai.
938 3885 973 3896 --
1000 3877 1031 3909 m
1051 3854 1120 3928 'qrsi-
1215 3923 1218 3930 Ι

122 3938 173 3990 tus
194 3939 279 3989 etiam
292 3935 464 4004 felicitatem
487 3943 539 3986 ete.
589 3929 721 4000 Exempli
736 3928 802 3995 loco
820 3932 857 3984 sit
872 3926 930 3985 Cic.
948 3943 989 3984 or.
1005 3945 1034 3997 p.
1053 3930 1121 4000 lege

120 4007 199 4064 utra.
221 4005 261 4062 16.
277 4006 310 4077 47
333 4018 395 4074 aqqt
1077 4017 1082 4024 ·
