2610 4410
340 290 401 358 nn
423 253 638 397 onnronn
659 282 742 355 tte.
761 283 803 353 11.
824 297 879 361 ao.
897 297 952 361 su·
1086 295 1151 364 ars
1241 392 1248 411 ,
1270 360 1273 371 .

148 494 243 572 ratio,
277 488 305 552 si
328 486 437 553 verbis
454 484 595 564 usitatis,
619 483 647 549 si
670 479 787 549 ordine
807 497 994 571 temporum
1014 470 1150 561 conser-
1194 504 1196 506 ·
1235 553 1236 556 ,

145 613 231 676 vato,
248 594 281 657 si
302 616 370 658 non
392 592 573 680 interrupte
594 586 791 653 narrabitur.
1117 669 1120 689 Ι
1205 672 1208 676 λ

240 696 396 764 LXXXI.
419 694 496 770 330.
540 695 604 763 Sed
623 691 753 785 quando
769 691 926 757 utendum
945 692 988 757 sit
1008 712 1062 760 aut
1082 717 1151 760 non
1223 702 1226 708 ’

146 807 189 879 sit
205 803 412 882 narratione,
445 799 479 866 id
498 817 545 879 est
567 795 706 866 consilii.
752 803 867 888 Neque
890 798 990 879 enim,
1011 799 1047 879 ,si
1070 807 1150 865 -not'a

147 933 200 976 res
220 926 267 973 est
288 931 349 972 nec
368 906 512 981 dubium,
537 905 618 996 quid
638 922 764 990 gestum
783 904 834 980 sit,
860 903 985 967 narrari
1000 922 1148 996 eportet,

149 1013 263 1079 necsi
287 1012 488 1079 adversarius
512 1006 770 1093 narravit,.'uisi
800 1010 828 1072 si
852 1006 1050 1081 refellemus.
1103 1014 1151 1078 Ae
1197 1026 1201 1034 ·

150 1103 179 1185 si
203 1118 418 1208 quandoerit
448 1116 666 1194 narrandum,
698 1107 760 1179 nec
780 1111 856 1196 illa,
891 1120 972 1205 q'uac
995 1119 1157 1209 suspicio·
1206 1130 1212 1143 “

152 1247 230 1293 nem
251 1240 283 1288 et
306 1225 430 1288 crimen
451 1222 589 1286 efficient
613 1236 791 1310 contraque
814 1243 875 1284 nos
890 1238 1005 1302 erunt,
1040 1224 1158 1290 acriter
1209 1262 1212 1266 ·

151 1351 402 1418 persequamur,
439 1344 471 1391 et
496 1324 666 1418 quidquid·
680 1305 819 1416 poterit,
849 1323 1079 1412 detrahamus3
1112 1353 1154 1396 ne

124 1468 127 1473 ⁴
151 1431 245 1511 illud,
268 1432 358 1523 quod
376 1437 519 1517 Crassus,
541 1430 716 1522 siquando
731 1430 796 1510 fiat,
818 1429 966 1521 perfidia,
982 1454 1052 1499 non
1069 1430 1153 1500 stul-

151 1540 223 1604 titia
241 1538 314 1603 fieri
339 1556 448 1630 putat,
476 1557 512 1604 ut
536 1561 646 1611 causae
666 1559 856 1620 noceamus,
893 1531 1039 1623 accidat..
1053 1538 1057 1543 ’
1070 1542 1155 1608 Nam

152 1644 192 1710 ad
217 1669 375 1710 summam
405 1645 504 1710 totius
532 1666 650 1737 causae¹
673 1644 834 1733 pertinet,
872 1661 961 1734 caute
978 1668 1021 1710 an
1042 1663 1155 1712 contra
1207 1737 1208 1741 Ἰ

153 1749 372 1816 demonstrata
399 1773 460 1813 res
477 1751 537 1834 sit,
571 1745 663 1841 quod
692 1748 799 1820 omnis
830 1751 986 1817 orationis
1009 1749 1155 1845 reliquae
1232 1814 1236 1825 ,

155 1853 229 1920 fons
253 1873 299 1921 est
321 1855 479 1920 narratio.
578 1856 579 1859 ’
943 1863 945 1867 ’
1126 1932 1129 1942 Χ
1156 1869 1158 1873 “

245 1971 320 2035 331.
367 1960 532 2051 Sequitur,
552 1975 588 2023 ut
604 1982 696 2025 causa
717 1964 867 2048 ponatur,
887 1961 923 2027 in
944 1986 1011 2054 quo
1034 1962 1155 2029 viden·
1238 2036 1245 2047 ‚

154 2061 233 2128 ‹lum
257 2081 314 2145 est,
346 2063 426 2153 quid
448 2064 483 2128 in
507 2064 762 2128 controversiam
783 2064 909 2130 ,reniae
965 2071 1053 2134 Tum
1075 2093 1156 2154 sug-

153 2167 390 2254 gerendasuut
423 2166 623 2254 firmamenta
644 2191 762 2232 causae
794 2170 966 2237 coniuncte
994 2188 1026 2236 ct
1057 2173 1174 2248 infir„

153 2272 280 2339 mandis
302 2275 471 2340 contrariis
484 2293 524 2337 ct
539 2273 864 2339 tuisconfirmaudis.
922 2276 1070 2366 Namque
1091 2302 1154 2343 una

154 2380 191 2445 iu
215 2380 314 2444 causis
344 2381 427 2445 ratio
453 2377 610 2469 quaedam
633 2395 680 2443 est
696 2376 781 2444 cius.
800 2380 975 2462 orationis,
1012 2405 1094 2473 quae
1115 2381 1157 2449 ud

154 2484 359 2576 probandam
373 2486 683 2568 argumentationem
698 2481 812 2555 valet„
831 2489 885 2553 ·Ea
899 2503 1004 2553 autem
1021 2505 1053 2553 ct
1073 2512 1156 2556 con-
1217 2504 1220 2509 '
1248 2540 1253 2545 -

155 2589 374 2657 firmationem
396 2608 427 2657 et
447 2593 898 2682 reprehensionem·quaerit-;
915 2592 1074 2684 'sedquia
1095 2618 1157 2660 ne-

155 2720 219 2787 que
244 2695 453 2786 reprehendi,
480 2721 560 2787 quae
586 2695 892 2779 contradicuntur,
916 2710 1070 2790 po'ssuut,
1093 2703 1157 2768 uisi

155 2817 209 2865 tua
233 2799 418 2881 confirmes,
439 2826 544 2891 neque
564 2800 644 2866 haec
661 2802 858 2885 confirmari,
882 2806 945 2872 nisi
968 2802 1024 2872 illa
1040 2798 1157 2898 repre:

154 2903 306 2989 hendor,
328 2905 452 2972 idcirco
473 2906 553 2972 haec
574 2925 607 2971 et
627 2925 739 2973 natura
760 2926 792 2973 et
814 2908 949 2974 utilitate
981 2929 1013 2977 et
1034 2929 1158 2977 tracta·
1259 2984 1273 2995 ,

156 3011 245 3077 tione
260 3013 444 3080 coniuncta
473 3030 559 3079 sunt.
606 3025 684 3089 332.
727 3016 846 3080 Omnia
881 3033 988 3080 auteur
1018 3015 1157 3082 conclu-

152 3111 262 3181 denda
285 3113 481 3210 plerumque
515 3120 612 3185 rebus
633 3119 804 3206 augendis,
841 3120 893 3188 vel
925 3120 1170 3207 inflammando,
1246 3182 1250 3187 .

157 3295 295 3310 m

227 3402 293 3472 Cap.
314 3403 453 3458 LXXXI·
470 3407 493 3474 ξ.
512 3407 572 3458 330.
613 3426 663 3462 uec
683 3409 805 3474 dubium,
826 3411 903 3483 quid]
933 3409 981 3464 Sic
994 3410 1076 3472 Patt,
1096 3408 1155 3463 duo

155 3470 312 3537 Gallicani,
340 3477 474 3528 nonnulli
493 3473 578 3541 Oxx„
612 3476 709 3534 Gueli.
730 3480 765 3542 A,
795 3479 904 3550 steph„
928 3478 1036 3546 Latnb,
1060 3477 1155 3543 Grut,
1191 3520 1222 3547 ,.
1256 3502 1263 3507 ·

153 3542 237 3660 prob.
248 3542 315 3599 sch.
326 3565 422 3597 -aec
441 3547 552 3599 dubium
570 3549 618 3612 sit,
639 3545 738 3619 quidd
754 3567 770 3602 a
788 3566 831 3618 pr.
855 3568 950 3613 tnauu,
971 3549 1048 3612 Ata,
1068 3549 1155 3613 lunt..
1186 3550 1194 3577 '·

185 3617 265 3665 ictor.
286 3617 370 3679 (teste
389 3614 523 3682 (deutero,
551 3621 600 3669 cui
619 3624 713 3671 suiuus
732 3631 808 3672 recte
832 3619 904 3672 hanc
924 3621 1078 3672 lectionem
1098 3623 1154 3671 tri-

153 3679 219 3733 buit
245 3680 356 3748 oreta).
383 3714 418 3724 -
444 3705 494 3737 nec
516 3688 541 3737 si
567 3688 679 3740 dubium
697 3691 746 3751 sit,
773 3690 841 3761 quid
862 3690 956 3742 Harn.
983 3690 1077 3758 uterqss
1097 3694 1156 3754 (est

152 3749 247 3803 ann.
267 3751 312 3815 B),
333 3753 421 3814 Cant„
440 3777 467 3822 a,
497 3776 519 3816 ε,
545 3773 576 3827 ψ,
604 3756 701 3812 Guelf.
726 3757 757 3824 C,
785 3758 929 3824 Waldarf„
958 3759 1046 3825 Mun,
1080 3758 1156 3811 unde

152 3817 338 3877 Pearc.tua1e
358 3843 407 3875 nec
420 3828 453 3876 -εἱ
473 3826 594 3894 dubium,
613 3831 681 3899 quid
701 3827 800 3880 edidit.
811 3855 846 3868 ·-·
860 3847 910 3882 nee
926 3829 953 3884 si
969 3829 1082 3882 dubium
1102 3846 1158 3880 non

152 3890 199 3954 sit,
219 3893 288 3962 quid
302 3891 403 3945 Guelf-
423 3893 454 3947 B.
474 3924 509 3935 —
534 3900 629 3950 nec-ei
645 3916 699 3950 non
719 3897 832 3951 dubium
853 3899 901 3962 sit,
928 3902 996 3972 quid
1021 3900 1086 3952 edd.
1105 3914 1157 3950 au·
1208 3945 1211 3949 ,

151 3965 284 4085 ῑίιμιιίεὲ,
310 3963 386 4016 uude
411 3981 460 4018 nec
486 3967 512 4020 si
531 3984 584 4020 nou
610 3967 740 4037 dubium}
765 3970 834 4041 quid
857 3969 1011 4024 ediderunt
1036 3971 1161 4023 recente·

154 4045 206 4099 pos
264 4048 321 4086 ru..
771 4075 776 4085 ‚
1109 4050 1123 4057 ··
