2618 4440
214 252 326 370 Μ
588 272 827 358 c1cuuou1s
878 286 932 308 ··
1016 282 1020 305 ³
1102 228 1108 249 ’

212 483 431 577 eloquentiam
454 478 581 564 laudet3
613 480 708 549 dehet
735 484 823 549 enim
852 482 892 549 ad
916 505 988 549 eam
1013 478 1215 553 laudandam

211 572 315 686 ipsam
335 586 426 654 illam
449 587 613 670 adbibere,
635 612 731 679 qnam
754 585 872 656 laudat.
914 586 981 657 Sed
999 612 1100 682 perge
1120 615 1210 682 por-

118 768 120 773 .
212 723 271 781 τος
304 697 365 763 tibi
387 696 476 763 enim
497 696 662 772 assentior.
687 694 829 761 vestram
850 718 918 761 esse
938 693 1006 760 hoc
1026 712 1131 761 totum
1150 695 1210 761 di-
1242 762 1246 771 ,

208 812 293 870 serte
312 802 439 877 dicere,
471 800 571 892 idque
596 802 624 866 si
656 802 731 893 quis
757 803 791 866 in
812 800 874 866 alia
902 802 970 866 urle
989 800 1101 884 faciat,
1129 824 1212 875 eum

208 925 370 1000 assumpto
393 904 522 971 aliunde
544 907 591 972 uti
611 908 712 989 bono,
736 932 805 974 non
825 908 966 1000 proprio
988 930 1050 973 nec
1069 930 1141 975 suo.

296 1023 348 1090 4ο.
369 1014 412 1079 Et
434 1012 582 1094 Crassus,
614 1018 688 1083 Nox
709 1033 756 1097 te,
786 1016 910 1106 inquit,
930 1014 1044 1095 nobis,
1065 1010 1208 1099 Autem,
1276 1070 1283 1077 .

205 1118 362 1213 expolivit
387 1119 618 1210 hominemque
640 1119 795 1190 reddidit.
847 1124 931 1190 Nam
951 1118 1106 1186 hesterno
1129 1140 1208 1185 ser·

204 1252 302 1294 mone
330 1227 424 1291 unius
444 1223 608 1290 cuiusdam
629 1228 750 1318 operis,
774 1245 809 1293 ut
828 1230 871 1294 ait
891 1223 1067 1308 Caecilius,
1097 1223 1211 1313 remu,

203 1357 278 1420 gem
301 1330 443 1424 aliquem
465 1320 517 1398 aut
537 1328 681 1399 baiulum
704 1333 800 1413 nobis
826 1351 989 1401 oratorem
1014 1330 1209 1423 descripse-
1240 1374 1243 1379 -

201 1464 263 1523 ras,
286 1441 420 1531 inopem
439 1438 601 1530 quendam
622 1436 827 1527 humanitatis
851 1457 945 1530 atque
969 1439 1178 1506 inurbanum.
1216 1498 1220 1505 .

289 1547 378 1611 Tum
409 1545 588 1627 Antonius,
619 1543 700 1611 Heri
730 1548 837 1630 enim,
872 1547 998 1638 inquit,
1026 1545 1094 1613 hoc
1116 1542 1204 1613 mibi

199 1674 446 1745 proposueram,
469 1666 514 1729 ut,
544 1651 572 1714 si
596 1666 627 1715 te
651 1648 854 1734 refellissem,
877 1651 939 1721 hos
962 1653 1069 1737 abste
1094 1648 1201 1717 disci-

198 1755 296 1849 pulos
326 1754 540 1838 abducerem
573 1777 660 1819 nunc
685 1752 799 1821 Catulo
829 1757 979 1826 audiente
1006 1775 1038 1825 et
1060 1756 1200 1825 Caesare

201 1861 316 1928 videor
337 1859 457 1925 debere
481 1883 548 1925 non
572 1877 638 1927 tam
657 1885 802 1953 pugnare
822 1879 945 1951 tecum,
976 1888 1085 1958 quam,
1112 1862 1200 1956 quid

61 2010 65 2019 ·
160 2021 163 2027 .
198 1968 268 2060 ipse
286 1967 431 2049 sentiam,
458 1966 578 2045 dicere.

287 2082 340 2149 tt.
365 2070 519 2164 Sequitur
542 2072 661 2157 igitur,
693 2077 847 2165 quostiam
867 2076 963 2142 nobis
985 2092 1032 2142 est
1052 2073 1126 2157 hic,
1151 2075 1214 2145 da'

195 2203 262 2274 quo
286 2176 471 2270 loquimur,
499 2179 534 2243 in
556 2176 629 2245 loro
649 2196 745 2271 atque
771 2181 805 2245 in
839 2179 941 2248 oculis
966 2183 1086 2249 civium
1109 2206 1197 2249 eon-

194 2285 382 2369 stituendus,
414 2302 450 2352 ut
474 2284 665 2367 videmus,-
680 2285 760 2378 quid
789 2287 819 2353 ei
841 2288 961 2374 negotii
985 2287 1097 2355 demus
1118 2290 1219 2397 qui--

191 2424 328 2440 m

260 2490 284 2557 q.
305 2490 347 2544 40.
393 2497 425 2538 ut
450 2485 494 2537 ait
512 2484 652 2553 Caecilius]
680 2486 808 2540 Caecilius
827 2488 953 2552 Statius..
974 2490 1193 2551 comoediarum

189 2571 291 2630 poeta,
317 2562 432 2609 natione
460 2550 580 2605 insuber
606 2552 705 2607 Gallus
735 2558 862 2625 (quidam
881 2555 1123 2615 Mediolanensem
1140 2560 1191 2616 fe·-

190 2631 288 2693 runt)‚
323 2628 407 2678 Ennii
436 2627 557 2690 priunum
582 2624 792 2677 contubernalis
818 2625 909 2678 luisse
935 2629 1049 2683 dicitur.
1101 2626 1218 2703 Obiit,

189 2714 264 2751 atino
284 2707 348 2762 post
365 2695 489 2745 Ennium
514 2703 669 2748 mortuum.
713 2694 882 2761 Hieronytu.
907 2702 938 2750 in
956 2699 1060 2754 Euseb.
1078 2700 1189 2760 Chaon.
1285 2738 1289 2753 .

188 2764 238 2821 Ol.
257 2762 310 2820 cl..
360 2765 447 2815 Initio
473 2778 572 2814 servus
597 2761 671 2827 luit,
695 2770 809 2817 nomine
828 2767 950 2832 Statius,
978 2770 1054 2837 quod
1079 2788 1188 2829 nonaen
1234 2820 1237 2829 ,

188 2846 287 2905 postea
306 2837 336 2884 in
352 2847 514 2899 cognomen
528 2847 642 2884 versum
661 2847 704 2886 est
725 2833 810 2898 (Geli.
825 2836 875 2888 tv.
887 2839 954 2901 ao).
991 2840 1064 2893 Eius·
1081 2840 1188 2896 fabulae

187 2907 330 2974 pleneque
357 2919 372 2954 e
395 2900 498 2954 Graecis
518 2901 667 2955 Menandri
695 2907 832 2957 translatas
852 2920 948 2970 erattt;
980 2910 1031 2977 cir.
1052 2909 1126 2965 Gell.
1144 2914 1184 2969 ΙΙ.
1219 2958 1221 2963 .
1292 2942 1297 2949 .

187 2974 230 3030 23.
250 3002 285 3013 -
303 2971 402 3025 Cicero
422 2970 503 3024 Brut.
523 2974 566 3040 74.
585 2973 635 3024 258
649 2975 722 3025 male
743 2991 807 3027 euru
826 2977 947 3030 locutum
968 2991 997 3031 et
1013 2979 1103 3034 Attio.
1116 2981 1187 3039 vlt.
1270 3024 1278 3043 ,

185 3042 217 3101 5.
228 3064 255 3116 7.
278 3042 382 3094 molum
406 3052 545 3094 auctorem
564 3043 721 3096 latinitatis
747 3045 825 3097 dicit.
867 3047 894 3101 A
914 3051 1011 3103 mullis
1032 3062 1126 3105 tamen
1144 3053 1187 3107 ob

183 3119 351 3183 gravitatem
370 3124 593 3181 argumentoque
608 3113 681 3166 bene
699 3119 813 3167 inventa
824 3118 992 3171 laudabatur
1008 3133 1092 3190 alque
1109 3123 1186 3177 adeo

183 3189 286 3238 ceteris
305 3187 398 3251 poetis
423 3187 539 3235 eomlcis
560 3184 776 3250 preferebauara
804 3184 856 3240 cir.
882 3187 977 3241 Horat.
1005 3190 1077 3259 Epp.
1099 3193 1133 3246 ll.
1156 3211 1181 3252 a.

182 3256 225 3325 59,
242 3255 380 3376 ἔειπολε
398 3287 410 3324 .·
429 3254 502 3351 Ilm·
521 3253 572 3309 tv.
592 3255 643 3327 377
662 3274 690 3326 p.
710 3255 761 3328 696
783 3253 925 3326 Gotholr„
950 3253 1075 3326 Quintil.
1093 3262 1134 3315 X·
1156 3282 1190 3323 10,
1217 3308 1226 3317 .

269 3325 316 3375 ell.
355 3323 362 3336 ’
397 3341 465 3378 .2÷.

180 3344 224 3396 99⁹
247 3394 330 3447 unius
349 3395 491 3445 cuiusdam
510 3395 786 3465 operis-baiulum]
806 3396 864 3453 cfr.
883 3400 904 3451 Ι.
917 3399 960 3456 62.
979 3402 1047 3454 263:
1071 3405 1181 3472 Opem·

179 3462 250 3512 rium
274 3464 352 3514 nobis
377 3467 522 3536 quandam,
542 3468 665 3533 Antoni,
682 3476 818 3520 oratorem
835 3471 968 3540 fecisset
987 3473 1030 3524 fit.
1053 3474 1119 3526 260:
1139 3480 1180 3529 Its

178 3530 227 3581 hoc
240 3551 292 3583 uno
307 3552 394 3603 opere,
409 3544 441 3586 ut
457 3537 501 3588 ita
516 3538 615 3599 dicum,
631 3547 723 3589 noctes
738 3548 766 3589 el
782 3541 997 3612 diesurgeatur.
1032 3543 1079 3597 Sic
1089 3550 1179 3601 eliam

180 3595 238 3652 Cic.
258 3600 337 3654 Brut.
361 3604 402 3674 73,
424 3606 474 3674 257
502 3611 647 3673 operarios
669 3618 697 3658 et
721 3606 833 3662 baiulos
861 3617 981 3679 opponit
1002 3613 1174 3672 artificibus.

178 3664 236 3725 ctr.
255 3670 276 3721 t.
301 3673 341 3726 18.
360 3674 402 3737 33,
424 3672 572 3726 (ierithard
591 3676 625 3726 ad
645 3673 819 3732 Cic.-Parad.
834 3682 884 3732 tlt.
904 3699 929 3732 a·
942 3686 984 3748 23,
1003 3697 1031 3737 et
1050 3686 1085 3736 de
1107 3702 1179 3753 {tro-

175 3742 239 3806 pria
258 3737 347 3791 baiuli
366 3744 575 3807 significatione
596 3743 671 3802 Gall.
693 3746 730 3797 V·
747 3748 773 3802 ὅ.
1009 3812 1013 3820 ,
1191 3768 1199 3777 “

252 3810 344 3860 videor
365 3812 468 3881 debers]
490 3814 526 3867 H.
545 3831 570 3871 e.
586 3815 687 3868 videor
705 3817 775 3870 utilai
794 3817 907 3877 debere.
944 3821 1018 3875 Vide
1040 3823 1175 3886 Reierutn

175 3875 211 3929 etl
230 3877 253 3932 Ι.
277 3873 332 3930 Oti.
357 3898 380 3930 ι.
404 3898 414 3933 1
446 3887 507 3950 tui
534 3896 562 3938 et
582 3885 618 3941 lt.
640 3904 663 3940 a.
690 3887 706 3938 5
734 3905 761 3954 p.
783 3890 822 3940 ti.
876 3891 957 3944 Locis
976 3893 1175 3954 Ciceronianis
1200 3908 1204 3915 ’
1279 3934 1283 3943 ·

172 3945 209 3998 ab
231 3963 266 4000 eo
297 3953 389 4000 citatis
416 3952 486 4004 adde
506 3953 585 4007 lirul.
605 3958 630 4010 5.
654 3957 705 4021 r8‚·
730 3957 827 4011 Diviu·
850 3966 879 4016 in
904 3961 972 4017 Caec.
994 3968 1032 4018 14.
1055 3969 1097 4034 45,
1118 3971 1174 4027 lV.

168 4016 297 4090 Philipp.
315 4022 388 4084 init„
407 4020 442 4073 ati
463 4021 538 4076 l'atu.
558 4025 608 4083 lv.
634 4031 678 4085 ιδ.
1054 4062 1059 4067 -
1160 4076 1163 4081 .
