2618 4440
179 264 289 389 aa
428 404 435 417 f
559 306 797 384 CICERONIS
869 336 877 351 ·

178 501 316 571 fluctus
342 524 436 572 causa
475 500 530 572 vel
567 502 789 580 delectationis
831 502 1010 576 invisere?¹
1050 508 1184 577 Tamen
1253 526 1256 533 '

176 633 275 678 nemo
305 630 371 679 tam
401 611 469 677 sine
497 608 618 695 oculis,
652 627 718 678 tom
749 613 818 680 sine
847 630 955 679 niente
991 614 1091 695 vivit,
1133 634 1182 701 ut,

177 716 258 808 quid
281 717 322 783 sit
351 718 500 784 sementis
528 740 564 782 ac
593 718 723 799 messis,
760 717 841 810 quid
869 719 1025 786 arborum
1051 723 1182 811 putatio

149 846 212 901 yae
237 823 363 906 vitium,
387 846 452 913 quo
476 840 623 915 tempore
644 824 720 889 anui
744 841 796 889 aut
817 848 885 915 quo
907 824 1007 892 modo
1031 850 1068 891 ca
1086 826 1193 913 fiant,'

175 928 313 996 omnino
339 929 470 994 nesciat.
524 930 612 995 Num
638 928 749 1013 igitur,
787 929 890 995 sicui
921 930 1038 999 fundus
1066 933 1181 1025 inspi-¹

174 1032 327 1118 ciendus,
362 1052 415 1102 aut
444 1035 471 1102 si
500 1031 718 1101 mandandum
745 1031 869 1125 aliquid
895 1038 1102 1129 procuratori
1133 1036 1201 1131 de·

171 1136 381 1225 agricultura,
424 1156 477 1206 aut
509 1138 736 1231 imperandum
769 1138 883 1208 villico
915 1145 977 1227 sit,
995 1204 1002 1231 Χ
1018 1143 1177 1229 Magonii

75 1309 76 1312 ,
172 1245 443 1331 Carthaginiensis
464 1262 537 1313 sunt
562 1242 640 1310 libri
661 1244 886 1336 perdiscendi,
924 1270 966 1311 en
985 1246 1049 1315 hac
1077 1266 1176 1317 com&

168 1352 259 1417 muni
281 1349 494 1437 intelligentia¹
512 1350 657 1418 contenti
676 1374 744 1417 esse
762 1354 959 1444 possumus?
1001 1353 1070 1419 Cur
1091 1360 1175 1441 crgo

84 1458 87 1463 ’
166 1480 236 1529 non
263 1457 363 1525 iidem
389 1459 425 1523 in
453 1458 525 1523 iure
552 1452 661 1539 civili,
692 1455 882 1548 praesertim
903 1480 1004 1548 qsrurn
1035 1459 1071 1524 in
1092 1458 1175 1528 esu*-

168 1563 211 1630 sis
233 1579 265 1629 et
279 1563 314 1627 in
334 1563 473 1647 negotiis
490 1579 523 1627 et
542 1562 578 1625 in
592 1559 666 1627 foro
689 1579 904 1647 conteramur,
924 1566 1001 1630 satis
1020 1565 1174 1635 instructi

165 1692 235 1734 esse
254 1691 425 1759 possumus
447 1665 489 1733 ad
510 1664 576 1732 hoc
597 1664 764 1752 duntaxat,
803 1691 845 1733 ne
866 1669 902 1733 in
930 1674 1041 1736 nostra
1063 1672 1174 1763 patria
1201 1738 1205 1743 ,

165 1772 333 1864 peregrini
362 1791 457 1863 atque
488 1769 628 1837 advenae
665 1794 733 1838 esse
764 1772 953 1841 videamur?
1012 1788 1085 1851 250.
1118 1780 1171 1865 Ac

167 1880 195 1945 si
217 1878 282 1942 iam
304 1878 345 1944 sit
364 1900 455 1963 causa
477 1873 585 1968 aliqua
605 1875 646 1942 ad
666 1900 726 1944 nos
748 1874 852 1944 delata
873 1880 1054 1965 obscurior,
1076 1880 1170 1949 diffi=

165 1980 240 2068 cilc,
257 1981 367 2065 credo,
386 1984 426 2051 sit
438 2007 514 2048 cum
527 1981 592 2049 hoc
607 1980 760 2051 Scaevola
775 1987 1031 2071 communicare3
1045 1988 1167 2079 quam*-

165 2114 263 2182 quam
284 2090 347 2183 ipsi
367 2090 485 2171 omnia,
506 2111 647 2180 quorum
669 2091 837 2174 negotium
859 2108 925 2175 est,
955 2090 1168 2162 consulta-ad

164 2220 224 2263 nos
250 2214 283 2263 ct
305 2195 461 2287 exquisita
482 2192 642 2261 deferunt.
695 2191 750 2259 An
770 2217 870 2277 vero,
907 2195 997 2264 side
1019 2220 1057 2263 re
1080 2199 1165 2291 ipsa,

162 2301 253 2370 side
272 2300 404 2384 finibus,
429 2322 532 2397 quum
551 2299 587 2366 in
600 2322 673 2368 rem
693 2319 896 2415 praesentem
913 2326 983 2369 non
1002 2303 1187 2411 venimus„
1243 2302 1247 2307 ’

226 2524 406 2597 procuratori
429 2550 464 2563 -
487 2521 591 2590 villica]
634 2524 807 2575 Procurator
832 2522 942 2578 domini
969 2543 1015 2580 res
1038 2532 1163 2587 russiam

159 2603 242 2663 quasi
260 2601 322 2648 eius
340 2598 464 2648 vicarius
491 2604 587 2659 curat,
610 2591 873 2657 renominarunt,
901 2600 1025 2651 rationes
1048 2599 1163 2655 dunfini

160 2666 257 2726 ducit;
275 2665 390 2718 Patron.
410 2663 445 2714 30
462 2660 532 2728 ibiq.
550 2666 632 2725 iutt.‚·
659 2659 711 2712 cir.
729 2659 886 2716 Columella
904 2666 927 2722 Ι.
944 2668 971 2720 6.
992 2660 1018 2738 ᾖ.
1036 2672 1162 2725 mml-

160 2734 358 2798 lieusservus,
376 2748 510 2800 agrorum
528 2740 633 2794 custos,
652 2729 765 2784 lumilise
784 2738 894 2785 rusticae
908 2747 1017 2803 praest.
1034 2735 1103 2791 Ceto
1121 2740 1161 2793 tle

159 2802 195 2861 tt.
213 2802 245 2856 tt.
270 2805 318 2855 142
338 2818 390 2870 sq„
416 2799 526 2856 Colum.
547 2799 565 2854 Ι.
583 2817 608 2856 c.
626 2802 650 2870 ᾗ.
663 2801 694 2866 ’6,
718 2801 772 2855 Xl.
794 2820 819 2856 t.
838 2803 855 2854 s
876 2802 1013 2874 sqq.'Csr,
1037 2810 1104 2861 intt.
1121 2810 1161 2863 ad

154 2869 219 2925 Cic.
237 2874 363 2925 Tullian.
382 2874 406 2941 ᾗ.
426 2888 457 2939 ¹7
477 2888 504 2938 p.
524 2871 555 2921 δι
578 2867 674 2923 Beier.
1000 2892 1002 2897 ·

228 2945 362 3013 Magonis
388 2940 627 3011 Carthaginiensis
651 2938 728 3007 libre]
770 2937 846 2992 Ptin.
872 2939 908 2993 H.
934 2941 970 2995 N.
995 2943 1106 2997 XVlll.
1126 2947 1162 3003 ὗε
1218 2992 1222 2997 .

156 3016 202 3066 De
219 3014 332 3066 cultura
351 3012 416 3083 agri
430 3012 583 3080 praecipere
597 3010 755 3080 principale
767 3008 831 3079 fuit
847 3012 933 3063 etiam
950 3017 1028 3083 apud
1039 3025 1160 3076 exteros,

158 3086 300 3155 Siquidem
325 3092 354 3134 et
387 3098 465 3150 reges
484 3081 580 3152 secere
610 3106 647 3121 —
671 3089 700 3130 ec
725 3083 836 3132 Poenus
867 3083 953 3133 etiam
979 3087 1083 3154 Maga,
1109 3090 1160 3140 aut

155 3158 264 3227 quidem
299 3161 411 3206 tantum
445 3152 570 3203 honorem
598 3159 713 3202 senatus
740 3159 832 3202 noster
856 3152 956 3205 babuit
983 3155 1159 3225 Carthagine

6 3214 8 3219 ¹
101 3284 104 3288 Δ
155 3235 250 3296 capta,
277 3234 319 3289 ut,
346 3241 429 3294 quum
455 3221 561 3292 regulis
578 3220 690 3291 Africoe
709 3220 889 3273 bibliothecas
910 3225 1044 3287 donaret,
1072 3229 1159 3283 unicas

154 3298 214 3348 eius
243 3294 454 3364 duodetriginta
480 3290 620 3344 uolumina
653 3301 774 3342 censeret
806 3294 837 3343 in
862 3295 998 3345 Latinam
1025 3295 1176 3366 linguam,
1243 3302 1246 3307 '

154 3366 364 3433 transferenda,
383 3380 466 3434 quum
484 3363 540 3413 iam
560 3364 600 3416 M.
621 3364 689 3413 Cato
703 3371 850 3431 proeeepta
869 3364 1054 3432 condidisset,
1073 3370 1157 3436 peri-

153 3439 243 3506 tisque
270 3436 377 3504 linguar
397 3433 515 3485 Panicoe
541 3432 665 3484 dandum
684 3432 842 3502 negotium,
870 3434 899 3484 in
925 3453 977 3505 quo
1005 3441 1157 3504 proecessit

153 3507 197 3556 vir
216 3502 520 3624 clarissimoepar'nilioe
542 3504 581 3560 D.
606 3503 729 3554 Silanus.
769 3499 827 3556 Cir.
846 3503 939 3555 Varro
964 3505 999 3556 de
1019 3505 1055 3558 ll.
1075 3507 1109 3559 ll.
1130 3506 1156 3564 Is

156 3589 180 3630 t.
200 3591 240 3637 10,
258 3571 367 3626 Colunt.
401 3571 517 3624 .1.15.

226 3644 248 3710 ς.
269 3644 328 3697 250.
366 3642 395 3695 in
413 3661 469 3695 rem
484 3640 663 3711 praesentem]
700 3638 737 3691 Η.
755 3655 781 3692 e.
800 3642 835 3694 ad
856 3641 959 3706 locum,
985 3642 1062 3695 unde
1082 3661 1157 3712 prse-

155 3720 253 3766 sentes'
268 3728 337 3775 rem,
354 3711 435 3779 fines,
454 3714 595 3776 inspicere
614 3713 773 3777 possimus,
800 3711 1036 3779 quemadmodum
1058 3718 1155 3767 insci·-
1177 3714 1180 3721 '

153 3791 282 3852 pretatur
299 3778 416 3835 Beierus
441 3780 476 3833 ad
494 3780 508 3830 1
526 3774 584 3832 Off.
606 3796 647 3831 ιο.
665 3778 744 3844 5211.
764 3790 811 3848 73;
844 3780 894 3857 cir.
916 3781 1001 3834 eund.
1019 3783 1055 3853 ad
1074 3785 1097 3852 §.
1115 3784 1152 3840 35

153 3870 184 3923 Ρ·
202 3847 409 3972 iiiiii&
431 3847 1152 3988 ¹53*·‚.?³Jt;¹ttttal⁰ttt'‘⁰{ttulit

148 3927 354 4060 icttaldoogipso,
378 3991 413 4045 de
440 4006 497 4060 quo
536 3994 558 4044 ‘s
576 3992 647 4060 erat)
667 3990 867 4063 disceptatores
884 3939 1006 4048 ciiaarrr·
1026 3995 1059 4047 de
1079 3958 1152 4065 dgrd

133 4063 273 4137 ficerunt.
