2618 4440
212 305 324 407 tsn-
432 352 452 373 .,
537 260 928 405 necationis·

214 491 308 588 quod
336 510 374 562 tu
401 490 484 559 milri
510 490 644 575 tribuis,
672 491 819 579 Antoni,
855 497 971 565 Crasso
993 515 1045 567 est
1066 500 1214 568 omnium
1301 486 1304 491 ¹

212 601 370 669 sententie
387 595 652 667 concedendum.
714 604 792 669 Non
821 602 909 668 enim
941 602 1009 670 sere
1040 608 1213 700 quisquam

146 728 153 742 ’
213 707 395 799 reperietur
421 721 551 796 praeter
580 702 669 779 hunc
703 708 739 772 in
769 725 910 798 utroque
938 732 1057 795 genere
1088 709 1212 802 leporis

211 809 389 891 excellens,
410 827 444 876 et
464 806 543 892 illo,
567 809 657 902 quod
679 812 954 903 in''perpctuitute
970 820 1151 899 sermonis,
1178 835 1211 891 ct

77 984 80 988 ,
157 1007 160 1013 1
211 919 296 1001 hoe,
330 915 477 1007 quodin
497 911 660 982 celeritate
680 934 776 1007 atque
798 917 886 986 dieto
913 937 972 988 est.
1015 928 1211 1014 221.-Nen1

209 1025 291 1090 haec
325 1040 483 1114 perpetua
518 1039 631 1088 contra
659 1019 848 1123 Scaeuolam
883 1028 1025 1092 Curiana
1061 1027 1209 1094 defensio

127 1216 129 1221 s
208 1149 274 1199 tota
293 1126 488 1195 redundavit
509 1123 672 1192 hilaritate
701 1127 839 1218 quadam
860 1148 893 1196 et
915 1132 1009 1212 ioco3
1042 1132 1126 1198 dicta
1148 1131 1206 1205 illa

124 1282 127 1287 -
205 1236 319 1302 brevia
340 1257 410 1299 non
433 1232 556 1300 habuit.
608 1232 761 1311 Parcebn
782 1237 870 1302 enim
893 1236 1068 1308 adversarii
1092 1228 1219 1322 digni-'

43 1344 46 1353 “
109 1384 114 1395 .
205 1343 273 1426 tati,
297 1342 332 1406 iu
353 1363 422 1432 qno
442 1340 514 1430 ipso
532 1338 678 1405 servabat
698 1363 810 1422 suam3
831 1340 922 1434 qnod
946 1361 994 1408 est
1016 1341 1204 1409 hominibus

170 1507 177 1512 .
205 1448 314 1516 {acetis
345 1463 377 1533 ct
395 1443 568 1511 'dicacibus
593 1442 840 1529 difficillimum,
884 1448 1005 1514 babere
1032 1437 1227 1518 homiuum·

204 1556 365 1622 rationem
388 1567 420 1616 et
448 1568 634 1642 temporum
663 1568 694 1616 et
716 1574 764 1632 ea,
793 1576 875 1643 quae
895 1574 1077 1637 occurrant,
1102 1580 1203 1647 quum

160 1661 165 1666 ’
202 1657 373 1737 'salsissime
392 1655 458 1721 dici
481 1657 617 1746 possint,
638 1673 762 1724 tenere.
810 1658 923 1749 ltaque
946 1659 1097 1730 nonnulli
1119 1661 1204 1727 ridi·

202 1761 275 1830 culi'
290 1756 440 1829 homines
469 1757 536 1825 hoo
560 1760 666 1850 ipsum
695 1784 763 1827 non
790 1761 910 1842 insulse
933 1766 1224 1859 interpretantur.¹

169 1894 174 1903 “
199 1870 273 1946 '222-
292 1867 411 1931 Dicere
428 1864 516 1928 enim
533 1865 622 1961 aiunt
640 1864 795 1944 Ennium,
807 1866 995 1957 flammam
1011 1896 1034 1937 a
1051 1874 1203 1960 sapiente

195 1971 348 2063 facilius
368 1994 426 2037 ore
448 1973 487 2063 in
508 1971 656 2036 ardente·
672 1973 823 2061 opprimi
829 2021 846 2051 ,.
871 1997 974 2062 quam
1000 1962 1085 2043 boda
1108 1978 1203 2046 clieta

201 2075 313 2155 teneat
321 2104 334 2159 3
374 2074 457 2157 haec
486 2072 611 2143 scilicet
638 2075 743 2156 bona,
786 2099 868 2166 quac
889 2073 971 2142 salsa
993 2079 1068 2146 sint.
1116 2082 1201 2150 Nam

200 2209 238 2252 ea
259 2182 344 2250 dieta
359 2178 571 2274 appellantur
598 2181 737 2274 proprio
759 2181 822 2246 iam
843 2184 987 2252 nomine.

93 2306 112 2322 ··
291 2277 367 2356 LV.
383 2287 488 2377 „fied
502 2305 538 2354 ut
567 2288 603 2353 in
633 2284 787 2356 Scaevola
810 2288 971 2356 continuit
1000 2312 1037 2355 ea
1068 2291 1200 2358 Crassus

125 2448 128 2453 .
199 2412 295 2488 atque
317 2391 377 2476 illo
400 2391 503 2493 altero
532 2417 668 2481 genere,
699 2395 734 2460 in
755 2414 825 2487 ‘quo
842 2390 931 2466 nulli
955 2392 1057 2463 aculei
1081 2414 1201 2462 contu-

202 2521 339 2536 ,σ-

199 2595 231 2646 in
248 2607 284 2644 eo
304 2589 426 2642 dedecus
448 2593 547 2655 generi
565 2587 722 2641 Brutorum
741 2587 830 2641 fuisso
848 2588 927 2642 dicit.
944 2616 979 2629 —-
997 2594 1043 2644 Cn.
1062 2591 1199 2658 Plancum

198 2676 328 2730 proquo
349 2669 446 2709 contra
471 2656 592 2725 Brutum
618 2658 693 2709 dixit
717 2656 834 2711 Crassus
860 2657 926 2723 (cit.
947 2655 1071 2727 Quintil.
1097 2660 1148 2712 VI.
1169 2663 1197 2718 ὅ.

156 2754 161 2773 ι
197 2730 255 2797 44),
274 2746 300 2795 p.
321 2726 432 2781 cluent.
453 2727 473 2778 l.
492 2743 515 2778 c.
537 2737 655 2778 vocatur
671 2730 707 2780 1..
724 2728 869 2795 Plane-ins.

200 2830 204 2835 -
266 2799 367 2864 §.aun
404 2798 434 2849 in
461 2814 514 2865 quo
537 2797 608 2865 ipso]
651 2792 700 2849 Sic
717 2794 810 2849 Haru.
827 2797 864 2862 A,
882 2818 910 2861 ct,
927 2793 1027 2851 Gueti.
1045 2798 1078 2852 Β.
1104 2799 1134 2866 C,
1152 2804 1197 2857 ul.

198 2870 334 2933 etruigo
359 2866 425 2918 inde
449 2865 484 2917 ab
510 2869 659 2934 antiquiss.
682 2866 746 2920 edd.
772 2894 808 2907 —-
831 2868 863 2920 in
889 2886 942 2938 quo
967 2868 1025 2936 ipse
1052 2868 1144 2922 Havu.
1163 2871 1196 2937 B,

127 2971 130 2975 «
197 2938 256 2989 duo
277 2935 386 3003 steph..
405 2935 507 3000 lliend.¹
523 2933 618 3008 fleri.
643 2947 746 3005 uterq„
773 2934 862 3003 Cant„
881 2938 915 3005 Z,
940 2942 970 3008 β,
994 2958 1020 3010 7,
1038 2935 1063 3003 d,
1086 2958 1108 3008 t,
1126 2941 1196 3010 Est,

196 3006 303 3070 Petro,
320 3005 398 3069 Eun„
424 3001 507 3058 Olslr.
624 3048 628 3057 .
988 3045 992 3057 .

267 3076 289 3145 5.
310 3094 370 3133 ω.
407 3077 554 3146 flammam
572 3092 599 3127 ,α
628 3075 765 3144 saliente]
809 3077 935 3132 ”Versus
963 3088 1006 3130 cst
1032 3079 1195 3152 trochaicus

195 3149 307 3214 integer
324 3157 353 3199 et
371 3145 593 3199 hemistichium.
635 3145 735 3213 ltaque
761 3146 819 3212 legi
844 3146 930 3200 debet
958 3166 984 3199 a·
996 3151 1118 3216 sapienti
1125 3189 1133 3212 ‚
1161 3162 1195 3205 ut

151 3232 154 3237 ·
195 3234 294 3270 versus
314 3213 434 3270 constet.
469 3213 578 3268 Citntnr
599 3213 657 3267 haee
675 3215 803 3270 Enniana
821 3221 961 3271 sententis
983 3236 998 3269 a
1021 3220 1195 3286 Symmacho

194 3291 226 3341 in
247 3288 385 3354 epistolis.
410 3315 445 3325 -
470 3284 579 3338 Ennius
602 3296 698 3337 autem
723 3284 798 3338 bona
824 3286 899 3340 dieta
920 3285 1012 3339 bonus
1039 3295 1195 3343 sernentins

191 3358 393 3419 intellexerat,
417 3372 490 3422 quas·
504 3359 616 3423 sapiens
641 3365 740 3408 tenere
764 3372 870 3408 senon
891 3367 985 3426 potest
1004 3364 1075 3424 quin
1094 3361 1195 3427 ioque-

195 3437 260 3492 tur3
289 3437 319 3478 at
335 3425 464 3478 homines
482 3424 568 3477 faceti
592 3424 669 3477 idern
688 3424 723 3478 de
741 3424 887 3479 dicacibus
906 3442 1044 3494 usurpare
1063 3428 1194 3482 solebant

194 3506 227 3549 et
240 3494 322 3549 nliter
348 3512 461 3548 versum
480 3495 689 3562 interpretari.‘’
732 3494 860 3550 Turneb.
880 3497 943 3565 p.·6
962 3512 1004 3563 sq.

168 3587 170 3593 ·
237 3606 240 3613 .
260 3567 375 3634 proprio
395 3566 451 3617 icm
469 3564 588 3632 nomine]
624 3561 682 3616 cfr.
707 3562 767 3618 Cic.
784 3570 816 3619 iu
837 3564 904 3618 libr.
922 3564 1062 3634 epist.'ed
1079 3563 1194 3625 Consel.

192 3631 264 3700 Nep.
282 3635 408 3688 secundo
424 3653 470 3704 ap.
487 3633 615 3688 Macrob.
634 3630 748 3691 Saturn.
764 3635 803 3689 11.
823 3653 853 3688 r:
872 3640 921 3686 Ita
941 3650 976 3684 ue
993 3635 1089 3697 nostri,
1108 3654 1191 3706 quum

192 3703 295 3766 omniu,
319 3706 383 3776 qiam
401 3707 577 3771 dixissemus,
602 3706 803 3768 dictassem,
828 3720 894 3774 quoe
905 3654 1004 3773 βαΐα
1022 3713 1050 3753 et
1070 3705 1191 3758 breviter

192 3779 322 3893 stlocuts
339 3775 426 3828 locuti
445 3780 573 3845 essemus,
599 3793 634 3827 ea
650 3776 765 3844 proprio
784 3775 890 3828 nomina
907 3771 1049 3841 appellari
1065 3777 1193 3831 DICTA

192 3853 349 3897 eruerunt.
741 3878 744 3883 -

199 3956 202 3961 ,
264 3907 331 3977 Cap.
355 3909 417 3963 LV.
457 3911 488 3964 in
512 3912 650 3983 scevola]
692 3906 742 3968 ste
765 3911 856 3965 lietu.
880 3920 982 3984 uterq„
1009 3908 1086 3966 Harl.
1114 3932 1137 3974 r,
1154 3916 1189 3978 Ζ,

47 4034 51 4038 ,
190 3978 288 4037 caeti.
302 3979 338 4044 A,
356 3981 426 4046 Eri,
443 3979 547 4048 timu,
565 3982 663 4037 Pearc.
680 3995 709 4036 et
732 3992 850 4037 recentt.
868 3993 932 4049 post
951 3980 1019 4036 Sch.
1037 3982 1095 4041 cn.
1114 3983 1188 4038 Hcld

162 4074 166 4081 ·
187 4050 232 4108 ad.
246 4047 395 4115 Octauii.
413 4048 505 4151 Gxss·
522 4052 567 4106 32.
584 4079 619 4095 ·-
635 4053 967 4125 tintasinsmvotam.
1116 4066 1129 4081 ⁴·
