2610 4410
358 286 419 357 oa
443 224 770 398 osmonte-uu:
788 282 846 354 111.
870 295 903 362 2·
925 295 958 362 a.
1089 293 1173 368 aaa.
1248 240 1250 245 ⁵

156 502 236 556 esta
254 449 370 558 multis·
377 503 471 575 saepe
490 479 616 564 delleta,
639 479 768 569 dixerit,
794 500 897 572 quum
917 475 1038 562 horum
1060 474 1169 571 ips0.'

152 616 229 660 rum
256 592 314 669 sit,
356 591 507 682 quitum
541 610 616 654 cum
639 584 699 654 illo
729 602 939 678 postremum
953 582 1023 650 fere
1043 582 1153 654 collo-

153 699 222 766 cuti
242 714 327 777 sunt,
345 708 506 765 'eventum
528 691 752 789 recordatus?
782 692 946 759 Tenemus
970 692 1059 758 euim
1080 715 1154 785 meg
1213 764 1218 781 ‚
1281 712 1290 726 ⁸

153 804 269 886 tnoria,
302 800 347 890 Q.
368 797 537 882 Catulum,
566 799 674 866 uirum
690 797 785 889 ‘omni
798 792 905 877 'laude
926 813 1152 888 praestantem,
1237 808 1240 813 '

154 932 257 1003 quum
278 907 340 974 sibi
363 927 436 982 non¹
446 901 644 985 incolumem
666 902 847 985 fortunam,
870 899 928 969 sed
951 902 1098 973 exsilium
1120 924 1155 975 et

91 1006 121 1025 ‘⁸
154 1006 263 1100 surgam
294 1012 541 1106 deprecaretur,
581 1008 837 1090 essecoa'ctum,
870 1023 913 1100 ut,
936 1009 1001 1075 vita
1025 1034 1060 1076 se
1084 1013 1155 1104 ipse

154 1104 310 1223 privaret.
380 1131 431 1191 10.
478 1116 546 1182 Iam
566 1115 616 1181 M.
636 1112 832 1182 Antonii-in
852 1111 904 1178 his
925 1112 1005 1203 ipsis
1027 1120 1155 1202 rostris,
1197 1197 1201 1204 ,

155 1227 191 1291 in
222 1224 340 1316 quibus
372 1220 430 1287 ille
459 1244 531 1288 rem
558 1213 725 1312 publicam
755 1218 1011 1288 constantissime
1039 1223 1156 1309 consul
1239 1296 1241 1300 ,

154 1328 344 1412 defenderat
366 1349 513 1419 quaeque
533 1348 649 1393 censor
671 1314 888 1418 imperatoriis
912 1329 1071 1405 manubiis
1093 1355 1155 1397 or-

153 1452 264 1520 narat,
290 1435 435 1527 positum
457 1448 553 1524 caput
574 1427 658 1499 illud
681 1430 759 1514 suit,
786 1458 893 1527 aquo
917 1451 1008 1501 erant
1030 1433 1156 1504 multo-
1247 1510 1250 1515 ⁴

152 1567 227 1609 rum
252 1538 373 1631 civium
393 1540 499 1630 capita
517 1555 652 1604 servata.
697 1541 812 1631 Neque
833 1535 914 1608 ve'ro
935 1536 1033 1626 longe
1054 1541 1094 1608 ab
1113 1565 1172 1612 eo

154 1650 194 1718 C.
218 1643 293 1727 Iulii
306 1632 411 1738 capui,
433 1642 572 1736 hospitis
588 1643 722 1711 Euusci
739 1642 863 1712 scelere
883 1643 1063 1740 proditum,
1081 1670 1157 1715 cum

225 1883 291 1954 cap.
312 1884 364 1945 lli.
383 1884 408 1954 5.
427 1901 454 1956 9.
491 1883 525 1955 Q.
545 1883 687 1954 catulam]
730 1883 789 1939 Cir.
815 1886 851 1940 ad
875 1885 911 1943 ΙΙ.
938 1887 965 1942 3.
987 1904 1028 1944 12.
1045 1887 1155 1951 Marius

155 1959 321 2011 necessariis
338 1954 433 2011 Catuli
454 1953 673 2024 deprecantibus
699 1958 790 2009 iratus
808 1973 867 2008 non
892 1960 980 2012 semel
999 1961 1156 2030 respondit,
1258 1984 1261 1991 ·

103 2041 106 2049 ·
146 2026 206 2081 sed
224 2040 313 2095 aaepet
331 2025 476 2080 Moriatur
487 2022 554 2090 (Cic.
569 2023 598 2074 V
611 2024 698 2077 Tusc.
719 2040 760 2096 ¹9·
779 2025 822 2092 56,
841 2026 985 2081 Plutarch.
1004 2026 1077 2082 Mar.
1096 2031 1166 2101 44).

155 2095 272 2150 Catulus
291 2112 375 2166 quum
393 2095 433 2145 ad
448 2103 564 2144 mortem
582 2095 800 2164 conquireretur,
825 2095 959 2149 conclusit
976 2113 1005 2150 se
1023 2098 1082 2151 loco
1100 2117 1156 2151 nu.
1198 2101 1202 2115 “

148 2174 205 2238 ⁴par
224 2164 300 2230 caleo
324 2181 467 2236 arenaque
487 2162 641 2232 perpolito,
664 2163 801 2234 illatoque
827 2165 903 2234 igni,
920 2166 976 2238 qui
991 2165 1046 2219 vim
1066 2168 1166 2223 odoris·
1267 2186 1275 2204 ³

156 2234 303 2300 excitaret,
320 2234 404 2286 simul
418 2233 529 2285 exitiali
545 2232 645 2283 hausto
660 2233 772 2303 spiritu,
789 2232 873 2285 simul
890 2236 995 2293 incluso
1007 2254 1065 2301 suo,
1082 2257 1157 2290 mor.

159 2316 214 2358 tem
233 2305 324 2374 magis
342 2313 404 2356 voto
420 2320 503 2374 quam
522 2300 642 2353 arbitrio
652 2302 823 2354 inimieorum
840 2301 919 2360 obiit.
954 2303 1157 2363 Vell.Paterc.
1185 2333 1188 2340 ·

148 2374 267 2434 ·ll.'22;
286 2371 346 2425 cir.
363 2373 461 2428 Valet.
484 2371 564 2427 Max.
581 2370 635 2424 tx.
656 2388 698 2424 12.
714 2375 740 2437 4,
757 2368 904 2426 Plutarch.
928 2372 950 2428 1.
970 2390 1011 2442 c.,-
1028 2373 1157 2447 Appiam

158 2442 193 2499 Β.
207 2439 339 2580 Obliga,
354 2512 394 2565 m.
414 2511 546 2580 Antonia]
581 2490 627 2564 M.
641 2507 787 2567 Antonius
805 2514 837 2565 in
854 2500 955 2582 agium
969 2511 1085 2584 fugiens
1102 2514 1156 2570 be-

157 2585 244 2651 nigne
263 2592 402 2651 exceptus
428 2592 473 2636 est
490 2580 525 2634 ab
543 2582 666 2650 agricola
692 2583 750 2649 ipsi
774 2580 924 2647 familiaria
948 2584 997 2637 sed
1019 2589 1158 2655 cauponis
1255 2612 1260 2616 ·

159 2655 282 2707 alicuius
307 2654 414 2704 indicio
440 2652 587 2721 proditus,
615 2661 765 2720 postquam
792 2657 871 2723 ipsos
894 2654 1016 2720 milites,
1044 2661 1095 2725 qui
1114 2657 1157 2712 ad

159 2740 226 2776 eum
245 2720 473 2774 obtruncandum
500 2720 627 2775 aMario
646 2731 676 2773 ct
691 2718 782 2791 Cinna
800 2727 881 2776 missi
901 2735 999 2789 eraut,
1023 2722 1159 2782 facundiis

160 2810 211 2846 sua
231 2802 356 2843 moratus
376 2800 429 2853 est,
445 2808 461 2845 a
478 2790 511 2844 P.
528 2791 626 2844 Annio
644 2789 813 2846 interiectus
832 2803 884 2847 est.
912 2791 983 2847 Eius
1004 2808 1090 2864 caput
1107 2795 1159 2851 ab·

160 2866 280 2916 scissum
297 2858 328 2915 C.
346 2858 433 2911 Marii
452 2875 554 2912 ruente
572 2861 700 2922 illatum,
727 2858 886 2915 deludeiu
913 2868 1012 2918 rostris
1031 2869 1159 2932 positum
1230 2879 1239 2890 ⁸

160 2927 529 2992 nortmanniam,
555 2926 582 2980 Α
624 2931 680 2983 ian.
700 2925 739 2981 B.-
756 2927 828 2984 e.1.
872 2945 903 2995 23
929 2929 982 2984 cfr.
1006 2932 1069 2986 Liv.
1088 2950 1104 2987 e
1124 2940 1158 2989 it.
1200 2968 1206 3001 ·.

160 3003 202 3064 80,
219 2999 297 3051 ven.
320 2999 429 3051 Paterc.
455 2998 491 3052 ll.
511 3013 553 3062 22,
605 3012 688 3052 ucan.
712 2995 810 3053 Phara.
839 2998 876 3052 l.
905 3014 1035 3070 222211..
1057 2952 1155 3060 vdie

160 3069 241 3122 Max.
260 3067 338 3123 Vlll.
356 3087 381 3138 9.
401 3068 496 3129 2,1Χ.
515 3083 541 3121 2.
561 3081 587 3131 2,
604 3067 680 3124 Flor.
695 3066 747 3120 Iti.
768 3085 811 3121 21.
830 3095 865 3107 —
883 3065 928 3121 De
945 3065 1067 3148 A¹¹²⁰¹li¹
1087 3088 1160 3125 con·
1261 3061 1264 3067 ⁴

159 3141 255 3193 sulatu
273 3136 339 3188 ride
359 3134 394 3186 nd
412 3136 448 3189 11.
471 3152 515 3188 ιι.
532 3136 584 3195 48;
604 3136 640 3188 de
659 3139 721 3190 eius
739 3151 859 3191 censura
880 3137 915 3192 ad
932 3138 970 3190 11.
989 3140 1031 3192 64.
1051 3140 1112 3211 257.

228 3206 416 3274 imperatoriis
440 3203 591 3272 manubiis]
634 3202 820 3260 Gelu-XIII.
846 3209 895 3261 24:
928 3208 1021 3262 Aliud
1050 3209 1159 3265 omnino

158 3276 259 3346 praeda
277 3284 327 3338 est,
348 3284 380 3324 ut
401 3273 430 3324 in
448 3274 528 3326 libris
545 3291 646 3345 rernm·
657 3275 856 3348 verborumque
878 3285 999 3329 veterum
1021 3279 1160 3347 seriptum

159 3351 209 3407 est,
229 3344 310 3403 aliud
328 3342 479 3398 manubiae.
514 3345 590 3395 Nam
605 3346 705 3411 pracda
725 3345 831 3397 dicitur
843 3364 958 3418 corpora
973 3348 1035 3418 Ipsa
1055 3357 1159 3417 reruni,
1227 3396 1236 3417 ·.

161 3432 225 3488 quoe
255 3420 437 3482 captarunt,
467 3412 608 3464 manubiae·
635 3431 698 3467 aero
726 3415 879 3482 appellata
903 3425 970 3469 sunt
991 3416 1113 3487 pecunia
1139 3432 1160 3471 a
1200 3421 1205 3427 '
1239 3438 1243 3443 ·

160 3493 299 3558 quaestore
317 3501 351 3533 es
369 3483 525 3535 venditione
536 3483 645 3551 proedoe
664 3484 789 3537 redacta.
803 3512 837 3524 ·-
853 3485 981 3556 Templa,
1001 3486 1171 3553 sirnulacru-
1193 3505 1203 3521 .

161 3559 291 3626 porticus
319 3553 644 3629 aliaquexmonumenta
678 3553 713 3606 de
738 3553 881 3608 marsubiis
915 3567 1059 3609 exstructa
1085 3562 1159 3622 'sepe

121 3668 123 3673 .
161 3632 429 3683 commemorantur,
446 3638 473 3677 v.
492 3640 518 3676 c.
540 3619 597 3679 Cic.
616 3622 640 3674 1.
659 3622 743 3675 Verr.
762 3623 806 3692 53.
828 3626 886 3687 154,
906 3626 942 3679 Il.
963 3625 1034 3696 Agr.
1056 3643 1097 3681 22.
1116 3626 1161 3692 5q,

162 3695 199 3747 ll.
220 3695 254 3745 de
274 3710 333 3762 rep.
354 3710 393 3760 17,
413 3692 474 3744 Liv.
494 3693 532 3745 X.
557 3693 600 3747 46,
626 3689 701 3746 Geli.
719 3694 740 3744 1.
760 3709 784 3745 c.
803 3697 876 3758 inin,
899 3712 942 3751 or.
960 3712 988 3763 p.
1010 3695 1094 3748 domo
1114 3695 1159 3751 38·

165 3780 223 3825 102,
242 3761 340 3814 Valer.
358 3761 437 3817 Max.
467 3762 545 3817 vlit.
567 3764 605 3816 14.
628 3779 654 3814 2.
689 3763 746 3814 tlte
772 3773 866 3816 aute-m
890 3765 1159 3834 imperatoriam:

163 3831 258 3884 nubiae
279 3834 369 3899 ipsius
379 3830 507 3884 Antonii
525 3830 784 3892 suisseutdamnm
803 3833 867 3885 vide
887 3834 920 3887 ad
941 3835 962 3890 1.
983 3836 1024 3888 18.
1046 3836 1088 3890 82.
1263 3862 1266 3870 ·

98 3904 103 3963 ᾗ
235 3904 262 3952 C·
281 3901 352 3952 Iulii
370 3901 466 3971 caput]
504 3901 1041 3974 Dec.rat.caesaravtdead11.3.
1063 3921 1103 3956 12.
1132 3901 1160 3956 11
1193 3957 1198 3969 ,

166 3986 257 4038 quum
276 3974 306 4022 in
325 3968 446 4022 lnmlum
462 3971 699 4036 Tarquiniensem
715 3970 871 4038 lamneus
885 3970 1008 4029 Sextilio
1026 3974 1162 4036 ultoriam,
1221 3992 1227 4004 ⁴

165 4055 254 4110 quem
272 4041 436 4111 gravissunt
454 4042 581 4095 cruuiuis
600 4054 680 4093 reum
701 4041 771 4094 olim
790 4041 954 4096 defenderat
966 4042 1128 4117 ,arctinus
1141 4056 1162 4095 2

486 4168 493 4198 t
834 4151 1054 4207 ‘'22*.
