2618 4440
696 40 716 110 ἱ.

427 303 488 371 nn
514 282 836 368 ORATORE‘LIB.
861 299 888 365 1.
909 288 964 376 t.
1038 350 1042 360 .
1164 308 1208 375 35

194 497 342 589 reperire
370 519 409 563 ex
433 495 583 563 omuibus
599 495 702 563 rebus
731 491 881 560 civilibus
912 488 1042 557 eausam·
1059 509 1197 558 eonten-

195 604 382 694 tiouemque
405 604 572 683 maiorem,
596 624 692 690 quam
716 599 756 664 de
782 598 909 675 ordine,
935 597 976 662 de
995 599 1132 678 civitate,
1159 595 1200 661 de

180 703 362 790 ¹libertato,
387 706 565 798 decapite
590 704 732 770 hominis
762 701 964 770 consularis?
1003 702 1197 793 -pnsesertim

186 836 297 902 quum
317 811 398 877 haee
419 835 488 877 non
516 812 550 874 in
575 811 712 874 erimine
734 808 863 901 aliquo,
893 805 982 898 qnod
1008 804 1066 869 ilie
1088 821 1198 896 posset

193 917 341 999 infitiari,
363 915 421 983 sed
445 912 590 984 incivili
624 916 696 980 iure
717 918 918 982 consisteret.
966 910 1139 1001 Similique
1154 913 1198 975 ⁴iu

194 1044 325 1104 genere,
355 1021 509 1088 inferiore
532 1022 668 1103 ordine,
698 1023 726 1086 si
749 1024 821 1111 quis
842 1017 928 1110 apud
957 1042 1018 1083 nos
1045 1017 1197 1109 servisset

192 1149 231 1191 ex
252 1126 378 1220 populo
403 1128 569 1194 foederato
593 1150 726 1218 seseque
750 1125 916 1190 liberasset
943 1146 979 1186 ne
1000 1139 1111 1213 postea
1131 1120 1197 1187 do·

120 1236 124 1243 “
193 1256 285 1298 mum
305 1234 701 1324 eeveiiisset„qnaesituni
721 1249 769 1296 est
790 1229 878 1322 apud
899 1230 1036 1295 maiores
1057 1245 1198 1303 nostros,

195 1361 275 1403 num
296 1339 323 1403 is
345 1338 386 1403 ad
402 1361 477 1403 suos
498 1336 701 1428 postliminio
721 1335 857 1400 redisset
882 1350 913 1398 et
939 1333 1092 1396 emisisset
1112 1331 1197 1395 haue

198 1443 373 1507 civitatem.
414 1451 486 1516 183.
526 1440 643 1528 Quid?
680 1439 721 1520 de
753 1438 919 1518 libertate,
951 1461 1017 1527 quo
1042 1435 1199 1511 indicium

197 1547 326 1630 glorius
350 1566 417 1610 esse
439 1542 567 1611 nullum
587 1561 704 1637 potest,
733 1567 845 1610 nonne
867 1567 906 1611 ex
926 1543 996 1609 inre
1020 1539 1109 1608 civili
1134 1563 1198 1630 po-

196 1667 258 1715 test
286 1674 354 1716 esse
377 1652 553 1732 contentio,
593 1673 695 1742 quum
716 1651 891 1742 quaeritur,
920 1650 959 1730 is,
990 1647 1048 1737 qui
1071 1645 1197 1712 domiui

193 1752 358 1822 ‘voluntate
389 1779 502 1823 census
523 1757 584 1840 sit,
617 1757 835 1841 continuone,
862 1778 902 1820 an
924 1753 982 1822 uhi
1003 1749 1141 1819 lustrum
1155 1750 1207 1844 sit¹

197 1889 336 1905 Μ

192 1955 487 2008 unimammas
509 1957 717 2025 productionem
742 1973 801 2010 esse
823 1953 902 2009 verbi
921 1954 993 2006 vult.
1012 1981 1049 2000 -ι
1066 1952 1194 2007 scevola

193 2034 302 2086 autem,
330 2029 365 2074 P.
385 2027 429 2085 F..
448 2026 572 2078 iunctum
594 2036 682 2096 putet
708 2044 766 2079 esse
793 2025 920 2086 verbum,
950 2034 982 2074 ut
1003 2027 1040 2076 sit
1064 2024 1093 2075 in
1114 2042 1144 2075 eo
1164 2031 1194 2074 et

190 2088 293 2145 POST
311 2103 339 2144 et
356 2095 504 2145 LIMEN:
533 2105 566 2145 ut
583 2113 648 2167 qnoe
667 2113 686 2146 a
705 2096 784 2147 nobis
803 2096 931 2146 alienata
951 2103 1027 2157 eunt,
1054 2111 1137 2164 quum
1155 2093 1195 2142 ati
1254 2134 1260 2141 .

190 2164 295 2217 hostem
313 2165 500 2231 pervenerint,
520 2174 549 2216 et
568 2183 603 2217 ee
622 2183 672 2217 suo
690 2173 833 2235 tamqnam
854 2164 948 2215 limine
965 2164 1094 2225 exierint,
1120 2162 1194 2224 dein,

193 2251 276 2303 quum
296 2233 428 2282 redierint
442 2241 505 2300 post
525 2235 563 2283 ad
580 2234 651 2284 idem
672 2234 763 2294 limen,
774 2232 946 2301 postliminio
962 2233 1111 2284 videantur
1129 2232 1195 2281 red-
1229 2243 1231 2250 '

193 2305 256 2356 isse.
311 2299 467 2351 cri-:Gen
495 2300 560 2352 VH.
582 2303 623 2365 18,
648 2299 736 2354 Gaius
760 2303 783 2354 1.
806 2318 862 2373 129,
887 2299 997 2368 Digest.
1023 2297 1131 2354 thx.
1148 2303 1193 2350 tit.

195 2372 236 2438 15,
256 2369 347 2421 Iussit.
371 2369 404 2419 1.·
419 2387 460 2421 12.
480 2370 506 2423 5.
1117 2400 1121 2407 =
1269 2428 1274 2435 ,

262 2437 286 2504 ᾗ.
307 2437 365 2488 183.
402 2438 450 2508 qui
467 2437 735 2493 dorninivolun'tote
753 2437 915 2504 consessit]
952 2432 1060 2487 Servus
1076 2433 1195 2487 liberari
1275 2451 1280 2457 ·

157 2525 167 2533 ·
192 2516 306 2576 poteret
326 2517 375 2558 sut
397 2522 484 2559 oeusu
512 2518 561 2559 aut
581 2509 706 2561 vindicta
721 2519 777 2561 unt
794 2507 972 2562 testamento.
1014 2503 1072 2557 Cic.
1090 2506 1191 2572 Topie.

192 2594 218 2628 2.
240 2594 281 2641 10,
299 2573 388 2644 Gaius
406 2576 429 2629 1.
451 2595 492 2645 ¹7·
527 2576 571 2631 De
589 2582 811 2635 manumissione
836 2595 887 2646 per
909 2592 1027 2628 censum
1048 2575 1113 2628 ride
1136 2573 1195 2626 Cio.

193 2644 294 2700 Coeeiu.
312 2644 355 2702 34.
375 2664 418 2715 99,
443 2646 558 2714 Uipinu.
581 2645 682 2717 srs'gm.
700 2648 793 2700 Vatis.
813 2646 868 2701 Tit.
891 2665 901 2697 1
924 2646 948 2712 ᾗ.
965 2646 997 2696 8:
1028 2648 1115 2697 Oensu
1133 2663 1197 2697 rna-
1220 2651 1223 2658 '

191 2715 414 2767 numittebantur
432 2717 512 2778 oiim,
538 2719 587 2787 qui
606 2718 724 2769 lustrali
747 2736 831 2769 censu
853 2720 951 2767 Romoe
968 2717 1047 2766 iussu
1070 2716 1194 2766 domino-

192 2803 253 2843 rnrn
265 2786 339 2837 inter
351 2786 426 2836 cives
436 2788 576 2846 Romanos
587 2806 696 2845 censum
706 2786 923 2860 profitebantur.
960 2782 1017 2836 cfr.
1033 2780 1193 2852 Schweppe

190 2854 211 2907 l.
232 2871 257 2907 e.
276 2869 304 2920 p.
330 2853 380 2904 526
400 2866 428 2905 et
452 2857 524 2922 quos
543 2852 624 2906 affert
646 2854 773 2909 Cre'uzee
793 2852 893 2909 Abriss
920 2852 947 2907 'd.
964 2853 1047 2907 num.
1072 2852 1191 2920 Antiqq.

190 2940 264 2991 p.71
283 2921 326 2975 ed.
347 2923 395 2978 sit.
430 2920 515 2990 Quod
528 2925 561 2976 ud
579 2924 719 2977 indicium
735 2927 764 2980 h.
778 2927 801 2981 -l.
816 2934 1067 2978 eouuueiuorstutn
1082 2929 1195 2985 attinet,
1238 2979 1240 2983 Α

193 2995 310 3057 questio
331 2994 360 3040 iu
380 3004 563 3060 eontinentur,
584 3006 681 3046 utnun
700 3010 799 3048 sersus
817 3009 855 3046 en
874 3008 908 3045 eo
928 2992 1041 3045 domuin
1063 3003 1192 3058 tempore

192 3059 266 3112 iiber
283 3063 330 3122 sit,
350 3076 409 3127 quo
430 3062 551 3114 lustrum
567 3062 715 3116 eonditum
735 3069 781 3131 sit,
800 3060 902 3117 ausum
923 3079 960 3114 ex
980 3076 1024 3121 eo,
1041 3076 1099 3127 quo
1118 3065 1194 3111 iuter

192 3133 270 3181 cives
294 3126 435 3181 Romanos
457 3147 573 3184 oeusuin
600 3132 746 3200 professus
764 3139 816 3195 siti
845 3149 911 3184 num
931 3135 954 3182 si
977 3145 1036 3179 nou
1056 3140 1120 3179 aute
1145 3131 1194 3179 lu-

192 3209 283 3250 strum
304 3198 450 3250 e'onditum
468 3199 543 3251 liber
564 3212 641 3262 erat,
668 3202 809 3268 quidquid
835 3205 911 3253 iuter
931 3198 1144 3266 professionem
1166 3206 1195 3248 et

192 3267 340 3319 conditum
366 3269 490 3318 lustrum
513 3267 569 3320 sibi
594 3276 820 3336 comparaverat,
858 3286 916 3321 uon
941 3272 1030 3334 ipsius
1057 3277 1126 3326 erut,
1145 3264 1195 3317 sed

193 3336 312 3389 domiui.
347 3336 423 3386 Vide
441 3334 573 3389 Giisehen
591 3336 810 3404 Beiuerinngeu
838 3341 869 3388 in
888 3336 1057 3401 lieziehung
1077 3335 1129 3386 nus
1145 3336 1194 3387 (ius

191 3407 298 3458 neitere
325 3404 418 3456 Recht
442 3405 500 3455 der·
518 3406 708 3473 Freylsssuug
735 3407 792 3474 hey
816 3408 872 3458 deu
892 3406 1031 3463 Riiuieru,
1060 3410 1092 3456 iu
1113 3405 1194 3457 Zeit-

146 3481 150 3489 '
191 3474 295 3528 schrift
320 3475 370 3527 fiir
388 3473 614 3541 'geschichtlioho
632 3475 902 3545 Reehtswissenseh·
928 3473 996 3526 Vol.
1015 3473 1065 3527 ΙΙΙ.
1087 3493 1114 3542 p.
1142 3468 1193 3543 259

191 3562 203 3596 Ι
225 3561 234 3591 ί
248 3580 253 3594 .
769 3580 771 3585 .
1040 3582 1042 3590 ,
1189 3578 1192 3585 .

206 3561 243 3612 Ἡ
262 3614 434 3674 continuone,
461 3632 499 3666 an
518 3612 566 3665 nbi
583 3614 703 3667 lustrum
720 3612 933 3681 sit'eonditum,
959 3612 1029 3666 liber
1048 3614 1096 3682 sit]
1135 3611 1192 3680 Sic,

190 3686 295 3736 omisso
323 3695 416 3734 temen
442 3688 538 3751 priore
562 3687 601 3736 sit
626 3685 761 3738 adversus
772 3685 924 3737 Ciceronis
949 3686 1194 3747 eonsuetsniineiu,

128 3810 132 3815 ,
190 3768 206 3806 e
226 3751 394 3805 membranis
416 3752 527 3806 Coiueii
545 3754 556 3822 (
577 3771 641 3806 ueni
660 3756 725 3808 vide
745 3751 884 3808 Observv.
903 3752 954 3808 lib.
978 3753 1072 3804 xvii.
1095 3772 1119 3808 e.
1143 3758 1190 3817 20)

191 3820 307 3874 Gruter.
327 3833 356 3873 et
372 3834 490 3876 receuti.
509 3852 542 3865 -·
574 3823 582 3843 ¹
603 3825 651 3876 dd·
669 3837 697 3878 et
716 3825 780 3877 edu.
801 3829 917 3877 veniunt.
958 3821 1094 3874 Proxime
1113 3840 1212 3875 seee-=

182 3891 265 3943 -siuut
288 3889 366 3947 Pnh.
385 3894 464 3958 etZ‚
482 3893 655 3961 inquibus:
685 3906 757 3946 cont.
784 3913 822 3946 an
848 3893 904 3944 tibi
922 3894 1025 3945 lustris
1045 3895 1193 3951 eonditum,

138 3978 152 4005 -·
191 3959 263 4013 libor
287 3961 336 4013 sit.
361 3987 400 4001 -
422 3965 584 4017 continuone
609 3974 676 4016 ante
707 3966 805 4016 lustro·
825 3966 932 4017 condito
960 3963 1030 4014 liber
1058 3965 1094 4013 sit
1126 3962 1193 4014 Vei.

189 4026 293 4103 steph.
318 4058 353 4073 -
377 4041 449 4089 cont.
474 4050 514 4087 an
538 4033 632 4089 tribus
657 4035 755 4088 lustris
782 4037 921 4089 conditum
944 4033 1013 4088 iiber
1044 4035 1081 4086 sit
1104 4037 1132 4102 β.
1161 4055 1195 4075 w

313 4292 494 4353 i,„,=¹

330 4360 343 4385 ἱ
