2610 4410
391 268 452 337 ue
474 216 689 337 onerose
711 263 793 349 ets.
814 262 840 333 1.
861 272 914 342 se
1082 273 1148 350 125
1184 325 1187 337 .

151 460 320 535 suetudine
334 482 396 526 nec
410 458 560 527 hebetem
580 484 642 529 neo
658 460 804 545 rudem..
830 465 904 540 249.
921 458 983 528 Cui
1001 476 1150 532 nostrum

152 550 238 637 nunc
258 566 336 650 lic'ct
356 565 474 634 iunior
495 586 624 667 nostros
648 569 746 636 obire·
772 585 825 633 aut
854 591 907 632 res
937 569 1071 635 rusticas
1096 567 1149 639 vel

107 778 111 787 ·
157 804 162 811 .
220 758 245 829 5.
264 758 325 827 249.
361 757 411 810 cut
428 767 552 810 nostrum
566 775 639 813 nune
657 752 733 826 licet]
779 753 859 813 Hane
877 754 1025 811 Schuetaii
1049 762 1151 813 conie-

151 840 263 893 cturam
281 831 393 896 recepi,
408 843 468 879 non
486 830 579 880 sulum
597 826 674 894 quod
693 826 833 881 facilitate
846 828 1059 881 commendatur
1079 830 1152 891 (non

150 910 182 959 et
198 912 272 965 nunc
299 912 369 965 saepe
393 915 411 950 a
434 896 560 950 librariis
580 897 822 965 confunduntur),
852 898 901 950 scd
929 898 1005 966 quod
1034 900 1151 966 vulgate

152 967 239 1023 lectio
267 969 381 1019 veritati
401 977 430 1018 et
453 971 543 1018 totius
561 968 618 1019 ioci
643 971 789 1028 sententie
810 979 961 1035 repugnat.
996 966 1067 1020 Nam
1091 972 1152 1036 pri-

152 1042 255 1099 mum.
277 1035 422 1101 quomodo
440 1033 584 1089 Antonius
604 1035 700 1089 dicere
720 1040 823 1104 potuit,
849 1035 914 1100 sibi,
940 1035 1048 1103 Crasso,
1076 1034 1152 1090 Sce-

152 1108 233 1168 voiae‚
254 1109 365 1167 ceteris,
384 1109 437 1174 qui
455 1120 562 1167 omnes,
586 1116 619 1158 nt
636 1110 698 1175 ipsa
719 1106 845 1169 dicit,·in
864 1108 959 1157 causis
974 1117 1004 1158 et
1022 1109 1051 1159 in
1069 1125 1153 1178 nego·

153 1176 201 1229 tiis
219 1184 249 1227 et
267 1172 297 1225 in
310 1173 377 1243 saro
393 1174 618 1237 conterebantur,¹
637 1176 725 1228 liuere
746 1173 852 1227 fundos
871 1173 952 1237 obire
971 1186 1021 1227 ant
1040 1178 1084 1227 r'cs
1102 1194 1153 1229 ru·

83 1284 87 1303 .
153 1252 238 1299 sticas
256 1245 401 1297 inuiserei
418 1254 495 1295 certa
511 1260 561 1311 per
574 1250 690 1311 negotia·
705 1260 762 1297 non
778 1242 994 1311 licebatgaiiud
1009 1256 1052 1296 est
1067 1249 1155 1314 enim‚·

153 1314 234 1377 ¹isriis
250 1317 284 1365 in
309 1314 405 1366 villam
431 1311 623 1376 suburbanam
642 1311 771 1379 evolare,
796 1312 875 1366 aliud
898 1313 1003 1365 fundus
1022 1312 1103 1367 obire
1125 1326 1165 1369 et·

89 1408 93 1417 ·
154 1400 198 1439 res
214 1384 335 1434 rusticas
349 1385 491 1443 invisere,
512 1382 590 1448 qtrod
608 1385 630 1433 ii
646 1380 766 1455 faciunt,
781 1388 833 1449 qui
846 1384 1026 1447 agriculture
1039 1387 1154 1449 'vacanti
1175 1437 1187 1459 κ

135 1448 265 1506 ’Βείιιάο
286 1449 355 1517 quid
374 1449 430 1503 sibi
447 1451 510 1503 vuit
526 1451 576 1503 illa
591 1448 739 1503 affirmatio
755 1467 809 1519 per
827 1455 1082 1518 interrogationem
1100 1468 1156 1505 ex,

155 1536 269 1591 pressas
299 1521 348 1572 Cui
366 1530 490 1572 nostrum
509 1538 563 1571 non
582 1518 671 1572 licet?
677 1558 685 1584 ‚
704 1536 794 1587 quum
813 1523 844 1571 in
864 1518 1068 1587 sequentibus,
1093 1538 1157 1589 qum

153 1593 236 1659 quasi
257 1594 408 1657 preparari
420 1587 560 1657 debebant
575 1587 632 1641 ‘bac
644 1594 877 1659 interrogatione,
895 1590 926 1641 id
941 1600 1040 1657 urgent
1058 1589 1156 1644 Anto-

82 1658 85 1665 “
155 1664 240 1724 nius,
266 1658 326 1712 sins
343 1663 548 1713 exercitatione
563 1670 604 1710 et
628 1660 687 1711 sine
708 1669 842 1711 accurata
860 1663 903 1713 rei
920 1665 1031 1712 rustice
1051 1665 1155 1746 cogni-

155 1734 236 1783 tione
253 1743 284 1781 se
301 1740 479 1795 ceterosque,
506 1728 582 1795 quod
601 1733 738 1796 opressit,
764 1726 874 1782 efficere
892 1729 998 1797 posset
1022 1729 1156 1798 Demque
1195 1795 1199 1800 ⁴

156 1798 286 1867 quaenam
307 1797 423 1853 tandem
447 1801 501 1850 ista
520 1808 562 1867 est
581 1802 742 1866 oppositio:
770 1795 850 1852 Licet
876 1797 960 1851 nobis
975 1803 1017 1852 rei
1045 1805 1157 1853 rustice.

156 1882 273 1936 operm
292 1866 387 1926 dares·
398 1877 493 1919 tamen
510 1882 595 1919 nemo
614 1872 653 1919 ita
672 1883 784 1933 coecus,
808 1872 847 1920 ita
866 1885 966 1921 vecors
983 1880 1033 1933 est,
1050 1881 1083 1923 nt
1100 1886 1156 1923 ne-.
1234 1904 1239 1919 .

156 1941 239 2000 sciat,
256 1936 330 2005 quid
344 1924 532 1993 sit-sementis
550 1939 627 1992 eto?
651 1937 722 1990 Nam
741 1937 819 2005 qtrod
838 1934 965 1990 Oreliius
986 1938 1066 2003 dicit,
1083 1955 1157 2007 quo-

156 2002 550 2072 mbdocunquedistinxeris,
566 2014 660 2058 tanren
676 2006 707 2061 h.
724 2006 743 2058 i.
758 2016 791 2057 ut
809 2020 880 2073 sepe
899 2005 1060 2074 significare
1073 2018 1157 2076 certe,'
1237 2050 1246 2057 .

156 2094 242 2138 sans,
269 2076 386 2136 saltem,
407 2075 436 2127 id
456 2091 627 2142 quarequam
647 2080 766 2131 ontnino
787 2073 932 2127 lubricum
952 2087 1041 2129 estet
1060 2080 1158 2131 incer-r

156 2155 218 2199 tum
236 2141 301 2210 (cir.
322 2143 423 2197 Mattb.
441 2145 477 2196 asi
495 2144 537 2195 ΙΙΙ
555 2143 613 2197 Cat.
634 2147 659 2200 5.
684 2148 736 2208 ro),
754 2145 789 2196 de
813 2160 863 2196 sua
882 2145 1064 2214 distinctione
1079 2148 1157 2198 non-

101 2224 113 2239 *
157 2218 268 2269 nemini
283 2210 402 2265 sonasse
424 2218 613 2281 persuaserit}
645 2214 812 2280 devolgata
838 2214 1021 2266 distinctione
1040 2220 1159 2279 nemini,

157 2284 255 2349 oredo,
273 2282 471 2350 persuadebit3
498 2298 533 2333 ne
552 2282 609 2336 sibi
628 2282 745 2350 quidem
762 2285 935 2349 persuasisse
952 2283 1077 2346 ridetur,
1097 2290 1152 2350 qui·

159 2354 276 2419 vulgata
296 2350 479 2404 distinctione
498 2353 613 2416 relicta,
640 2355 880 2418 interpunxeritt·
904 2351 1022 2403 invisere
1040 2322 1162 2404 tamend

159 2425 258 2484 Nemo,
301 2421 519 2474 nemadmodnm
539 2431 620 2472 antea
638 2419 813 2474 Muellerus:
843 2419 1036 2473 delectationis
1054 2432 1159 2485 tamen,
1198 2454 1204 2467 ι

159 2436 309 2549 invisend-
329 2493 424 2546 Nemo.
467 2490 528 2543 Hac
549 2488 734 2545 distinctione
755 2491 802 2543 rel
821 2495 1042 2558 transpositione
1062 2495 1159 2560 inepta

160 2563 305 2631 oppositio
322 2562 446 2623 tollitur,
466 2560 629 2628 sedesque
647 2564 749 2613 eeterae'
769 2558 947 2615 difficultates
966 2572 1161 2627 remorentur,

160 2649 224 2701 quae¹
242 2626 384 2693 efficiunt,
406 2640 440 2681 ut
465 2630 624 2682 similitudo
643 2631 800 2693 elatsdicsn
831 2630 859 2682 e't
877 2629 956 2683 aliud
973 2629 1098 2685 insertur
1115 2635 1178 2691 iu·,
1239 2631 1242 2640 '
1281 2604 1286 2613 Ι

159 2699 357 2761 commodum,
385 2697 480 2751 verbis
499 2703 585 2761 Nemo
601 2727 637 2743 -ι
657 2701 764 2753 omnino
781 2702 889 2752 nesciat
908 2719 924 2752 a
944 2705 1046 2753 ceteris
1065 2700 1162 2754 divul-
1183 2699 1187 2705 ’

160 2776 200 2825 sis
219 2780 250 2821 et
275 2772 357 2835 quasi
383 2772 416 2821 in
433 2768 528 2823 medic
554 2769 755 2836 pendentibus.
797 2770 897 2838 Itaque
915 2780 948 2821 ut
974 2768 1029 2822 sibi
1050 2781 1162 2840 constet

131 2862 136 2869 ·
159 2839 328 2901 similitudo,
345 2842 397 2889 aut'
411 2843 517 2891 omisso
536 2856 588 2890 nan
606 2851 654 2891 aut
672 2843 703 2892 in
719 2858 793 2892 nnnc
810 2850 929 2902 suntme,
952 2842 991 2893 ita
1011 2839 1162 2897 informari

160 2909 262 2963 debet:
290 2903 536 2973 Quemadmodum
560 2924 629 2972 nos,
658 2914 761 2978 quiin
785 2920 862 2961 tanta
887 2913 1074 2978 occupatione
1099 2926 1161 2964 rem

160 2980 294 3033 rusticam
311 2992 411 3029 curare
429 2993 488 3030 non
503 2994 662 3046 possumus,
680 2983 742 3031 sine
762 2982 967 3031 exercitatione
986 2990 1015 3031 et
1032 2982 1094 3030 sine
1114 2997 1162 3030 ac·

160 3059 258 3101 curata
279 3049 321 3099 rei
341 3051 451 3100 rusticae
468 3052 633 3115 cognitione
652 3065 684 3100 ac
701 3048 812 3111 studio,
839 3052 984 3099 communi
1002 3048 1051 3098 illa
1074 3049 1163 3100 intel-

160 3120 296 3184 ligentis,
322 3132 377 3182 qua
402 3132 486 3168 neruo
506 3130 598 3180 caret,
623 3123 672 3185 qui
692 3134 750 3169 non
772 3121 809 3168 sit
835 3120 896 3183 sine
923 3116 1015 3167 oculis
1035 3117 1081 3167 vel
1099 3120 1161 3168 sine

160 3197 268 3247 mente,
296 3191 423 3238 conteuti
443 3202 503 3238 esse
523 3203 690 3253 possumus,
703 3191 729 3239 si
748 3184 860 3253 quando
879 3185 986 3237 fundus
1006 3188 1161 3250 inspicien-

163 3258 234 3318 dus,
260 3265 309 3306 aut
336 3259 362 3308 si
387 3256 576 3309 mandandum
603 3254 712 3322 aliquid
738 3259 919 3322 procuratori
938 3259 992 3313 sit;
1017 3258 1056 3305 ita
1075 3253 1164 3307 iidem

162 3332 226 3380 sine
244 3336 374 3377 accurata
395 3330 467 3378 iuris
486 3328 580 3378 civilis
598 3329 763 3391 cognitione
781 3323 815 3376 ad
834 3339 931 3376 causas
952 3323 1075 3389 agendas
1094 3328 1163 3378 satit

160 3398 296 3450 instructi
313 3410 375 3446 esse
393 3411 543 3463 possumus
562 3397 707 3447 communi
724 3394 773 3445 illa
791 3394 989 3459 intelligentia,
1008 3408 1062 3458 qua
1079 3409 1164 3445 uerno

161 3464 606 3531 Rotnanuscaret.-Ceteru1n
619 3463 742 3533 fundam
763 3462 896 3530 inspicere
916 3463 976 3513 ”est
995 3462 1041 3513 vel
1062 3461 1165 3517 arbitri

161 3537 210 3589 vel
228 3533 361 3587 advocati
384 3537 432 3587 vel
449 3534 572 3600 iudicis,
597 3544 696 3586 exorta
721 3530 796 3584 sorte
822 3532 856 3582 de
876 3528 983 3582 finibus
1007 3526 1164 3588 fundorum

163 3616 213 3658 aut
230 3605 285 3657 alia
299 3605 441 3657 eiusmodi
452 3604 487 3656 da
503 3620 585 3657 causa
602 3608 678 3672 inter
693 3607 804 3655 uicinos
819 3602 1039 3662 controversia,”
1061 3609 1164 3669 queni-

164 3675 317 3728 admodum
337 3685 413 3727 recte
433 3670 564 3726 observat
581 3671 718 3726 Schuetz.
765 3672 909 3724 Reclamat
926 3666 1093 3737 Muellerus,
1112 3680 1164 3740 qni

160 3746 285 3817 fundum
312 3743 445 3812 inspicere
461 3755 490 3796 et
499 3742 623 3812 fundum
639 3743 714 3799 obire
730 3742 806 3795 idem
826 3756 886 3792 esse
901 3741 1065 3793 existimare
1082 3743 1165 3796 vide·
1192 3785 1196 3795 ,

167 3827 231 3880 tur3
251 3812 300 3865 sed
320 3814 432 3867 nullum
450 3812 528 3865 aliud
548 3824 746 3881 argumentum
771 3810 907 3865 adversus
930 3805 1077 3863 Schuetzii
1098 3828 1165 3863 sen-

166 3891 285 3937 tentiam
304 3879 401 3948 affert,
426 3900 510 3951 quam
532 3884 609 3950 quod
629 3883 663 3934 dc
690 3883 742 3934 bac
760 3896 791 3932 re
810 3891 908 3948 postea
927 3894 987 3932 esse
1006 3897 1165 3937 serrrrouem

167 3954 253 4011 dicits
280 3953 329 4027 sed
357 3952 409 4006 ubi
421 3953 490 4019 bec
508 3969 552 4008 res
571 3963 669 4022 postea
687 3961 941 4014 corumemuretur,
969 3949 1102 4016 equidem
1119 3953 1168 4002 in-

168 4029 269 4078 venire
288 4038 347 4077 nou
361 4038 490 4095 possum.
570 4032 576 4039 '
677 4028 680 4035 '
861 4030 868 4041 “
