2618 4440
247 402 262 415 „
324 306 414 409 ¹ou
437 305 652 376 eutrotia
673 305 838 380 usin.
861 320 913 390 ss.
933 317 1028 385 17..
1088 319 1179 423 Ι365.
1237 374 1243 387 ,

173 503 278 596 copia,
301 493 405 593 quam
420 523 455 566 se
473 518 601 589 cunque
629 497 664 561 in
684 512 810 589 partem
832 495 989 593 dedisset,
1021 501 1170 572 omnium

131 670 134 675 .
169 608 231 674 tuit
245 606 515 698 facileprinccps,
535 604 589 685 iis,
609 606 666 694 qui
682 603 772 684 haec,
792 625 875 692 quae
888 624 948 667 nos
964 626 1169 696 nuncquae-

169 715 290 791 rimus,
315 729 506 805 tractarent,
531 727 683 795 agerent,
708 708 883 787 deicerent,
909 731 1010 797 quum
1033 714 1168 805 nomine

172 816 414 909 appellarentur
435 839 513 905 uno,
536 812 626 904 quod
646 814 752 881 omnis
768 828 879 911 rerum
891 814 1089 904 optimarum
1109 824 1169 884 co-

172 924 276 1006 gnitio
298 940 393 1012 atque
415 922 451 985 in
471 922 511 987 iis
533 919 718 1004 exercitatio
736 920 957 1008 philosophia
979 921 1168 987 nominare*
1261 1012 1266 1017 p

127 1044 135 1057 ⁸
172 1009 245 1110 tur,
274 1027 339 1092 hoc
362 1047 532 1092 commune
553 1046 675 1090 nomen
699 1026 821 1115 eripuit
845 1026 1070 1115 sapienterque
1092 1048 1169 1092 sen·
1224 1053 1228 1063 ·

171 1121 272 1196 tieudi
304 1112 336 1197 et
367 1139 488 1198 ornate·
502 1129 633 1196 dicendi
663 1130 845 1211 scientiam,
890 1153 927 1193 re
950 1128 1168 1216 cohaerentes,

170 1225 441 1326 disputationibus
460 1228 524 1300 suis
548 1235 724 1324 separa-vim
748 1235 837 1300 cuius
856 1235 1021 1316 ingenium
1042 1239 1170 1303 varios·
1207 1238 1211 1245 “
1265 1300 1269 1307 .

170 1365 235 1431 que
258 1333 421 1408 sermones
453 1336 689 1431 immortalitati
715 1341 844 1430 scriptis
864 1341 930 1435 ‚suis
951 1334 1043 1405 Plato
1065 1341 1169 1407 tradi-

169 1447 236 1528 dit,
270 1470 370 1536 quum
394 1447 465 1534 ipse
494 1440 620 1525 literam
649 1446 798 1534 Socrates
824 1441 948 1508 nullam
974 1430 1171 1535 reliquisset.

138 1626 143 1637 Ι
168 1563 222 1626 61.
269 1553 355 1618 Hinc
376 1547 549 1616 discidium
562 1546 646 1615 illud
669 1549 789 1615 exstitit
811 1548 902 1641 quasi
923 1546 1052 1633 linguae
1073 1570 1169 1643 atque
1239 1640 1241 1651 ‚

128 1644 132 1653 ¹
169 1655 278 1722 cordis
294 1653 481 1721 'absurdum
505 1672 631 1720 sancet
654 1652 768 1720 inutile
791 1673 824 1720 et
847 1650 1167 1746 reprehendendum,

169 1780 207 1827 ut
218 1752 348 1828 alii'uos
369 1785 492 1852 sapere,
503 1757 562 1823 ‘alii
576 1757 862 1826 dicere'docerent.
905 1761 987 1826 Nam
1002 1786 1170 1854 quumes-
1210 1798 1215 1813 «

170 1887 240 1934 seut
261 1854 371 1958 plures
397 1867 462 1933 orti
484 1864 552 1949 iere
575 1891 593 1930 a
617 1865 761 1948 Socrate,
787 1864 879 1958 quod
897 1877 936 1931 e'x
958 1864 1045 1935 illius
1058 1870 1171 1963 -variis

169 1991 202 2038 et
222 1971 411 2061 diversis'et
434 1973 471 2038 in
494 1995 625 2038 omnem
648 1990 772 2063 partem
790 1971 914 2037 diffusis
937 1971 1170 2063 disputationi-

169 2079 229 2145 bus
259 2075 338 2151 alius
371 2075 461 2145 aliud
502 2075 781 2168 apprehenderats
825 2078 1062 2168 proseminatae
1095 2098 1168 2149 sunt

169 2184 261 2273 quasi
287 2179 677 2249 familiae'dissentientes
704 2183 789 2246 inter
812 2206 845 2247 sc
868 2198 899 2247 et
919 2176 1067 2271 'multum
1097 2184 1168 2252 dis·
1196 2190 1199 2205 ¹
1227 2189 1254 2255 f

171 2286 297 2351 iunctae
313 2304 344 2351 et
361 2285 515 2377 dispares,
539 2310 640 2375 quum
665 2304 772 2353 tamen
789 2310 901 2352 omnes
923 2310 955 2352 se
976 2285 1169 2383 philosophi

173 2390 354 2457 Socraticos
376 2407 408 2454 et
431 2386 639 2455 ‹lici'vellent
663 2407 695 2456 et
716 2412 785 2457 esse
806 2391 1051 2481 arbitrarentur,

259 2495 366 2565 XVII.
389 2506 442 2570 62.
489 2497 538 2564 Ac
561 2486 670 2586 primo
692 2497 732 2561 ab
755 2497 828 2588 ipso
848 2495 982 2564 Platone
1003 2492 1170 2602 Aristote-¹

169 2598 269 2682 leset
290 2600 505 2684 Xenocrates,
529 2615 670 2692 quorum
691 2603 772 2670 alter
795 2605 1094 2696 Peripateticorum,
1117 2607 1168 2674 al-‘

135 2717 146 2736 ‘'
170 2725 220 2774 ter
240 2699 570 2774 Academiae-nomen
589 2708 746 2794 obtinuit3
772 2709 890 2777 deinde
905 2712 945 2776 ab
959 2706 1165 2800 Antisthene,

192 2968 195 2975 ,
226 2925 265 2990 ᾗ.
292 2922 334 2974 61.
374 2923 530 2992 philosophi
552 2925 718 2993 Socraticos]
761 2925 835 2980 Voc.
856 2929 1014 3002 philosophi
1036 2933 1168 2993 Ernestio

172 2993 309 3046 suadente
329 2992 460 3044 delerant
481 2992 548 3046 Sch.
568 3007 597 3046 et
614 2993 782 3052 Muellerus.
1128 3008 1131 3013 '

140 3055 141 3059 ¹
241 3059 307 3131 Cep·
327 3061 425 3114 XVII.
451 3063 474 3130 ᾗ.
501 3064 544 3119 62.
591 3066 760 3118 Aristoteles
785 3074 825 3117 et·
839 3063 1036 3137 errocrsitss]x
1068 3071 1168 3133 Cissi.

170 3130 261 3185 Acad.
280 3131 305 3181 4.
329 3149 375 3199 ¹7²
396 3135 485 3202 Quum
503 3137 693 3204 Speusippum,
719 3132 945 3204 sororis'filium‚
972 3142 1059 3191 Plato
1076 3144 1168 3210 philo-

169 3202 276 3268 soplrioe
295 3203 377 3270 quasi
392 3203 518 3254 heredem
536 3205 709 3275 reliquisset,
737 3207 805 3256 duos
822 3217 915 3263 autem
931 3214 1168 3275 praestantissimo

170 3271 263 3323 studio
283 3281 368 3338 atque
388 3274 530 3336 doctrina,
547 3276 734 3334 Xenocratem
753 3276 963 3328 chalcedonium
982 3289 1011 3330 et
1023 3282 1166 3334 Aristote-

171 3340 223 3393 lem
241 3342 423 3409 Stagiritem:
438 3343 499 3412 'qui
515 3353 599 3395 erant
617 3363 677 3395 cum
694 3345 864 3408 Aristotele,
892 3348 1079 3417 Peripatetici
1097 3353 1168 3404 dicti

170 3419 253 3471 sunt,
279 3411 346 3479 quia
371 3412 555 3479 disputabant
577 3413 784 3466 inambulantes
806 3417 836 3468 in
859 3418 963 3483 Lycios
991 3419 1036 3470 illi
1063 3431 1166 3487 autem,
1237 3438 1240 3445 ·

171 3481 220 3551 qui
237 3480 374 3531 Platonis.
394 3482 526 3533 instituto
550 3483 581 3535 in
604 3485 759 3535 Academia
787 3487 873 3555 (quod
896 3495 938 3536 est
964 3488 1083 3540 alterum
1108 3509 1167 3561 gy.

171 3551 323 3616 mnasium)
344 3560 436 3602 coetus
453 3561 535 3603 erant
551 3558 578 3605 ‘et
598 3570 734 3604 sermones
750 3553 851 3607 habere
869 3556 954 3618 soliti,
976 3577 989 3609 e
1010 3559 1063 3611 loci
1082 3579 1168 3614 νοω·
1198 3548 1241 3599 ’Ῐ
1298 3552 1302 3561 ’

171 3620 234 3670 bulo
260 3638 356 3671 nomen
374 3620 540 3682 habuerunt.
584 3622 628 3674 De
652 3624 806 3689 Aristotele
828 3623 880 3676 cfr.
898 3625 942 3680 aad
961 3625 984 3682 l.
1004 3629 1043 3683 13.
1069 3631 1111 3682 55.
1131 3652 1188 3681 -·=,

170 3689 346 3741 Xenocrates
364 3688 582 3754 Chalcedonius,
597 3691 724 3745 Platonis
741 3693 864 3759 eruditor,
881 3691 1035 3764 Speusippi
1053 3704 1084 3750 in
1102 3717 1167 3754 aca-

171 3757 263 3808 demia
281 3775 426 3812 successor
444 3758 511 3813 fuit.
544 3761 615 3814 Eius
633 3760 720 3814 libros
740 3764 774 3814 de
789 3774 889 3815 natura
908 3764 1026 3817 deorum
1042 3784 1166 3823 comine—
1247 3812 1253 3821 ,

168 3837 261 3878 morat
288 3823 346 3878 Cic.
372 3829 395 3879 Ι.
412 3829 447 3884 Ν.
464 3831 500 3883 Ι).
524 3832 565 3883 13.
584 3833 634 3891 243
659 3829 747 3883 libros
773 3832 807 3885 de
833 3838 944 3885 ratione
964 3837 1101 3903 loquendi
1128 3841 1167 3895 ll.
1222 3880 1246 3893 .,

168 3895 258 3949 Acad.
277 3896 320 3953 46.
343 3899 401 3948 143.
421 3896 477 3951 Csr.
498 3899 584 3966 Diog.
603 3897 696 3951 Laert.
714 3900 763 3955 tv.
786 3901 801 3951 6
821 3919 882 3968 sqq.
926 3953 929 3958 .

245 3963 281 4014 ab
293 3967 473 4033 Antisthene]
508 3968 695 4021 Antisthenes
714 3974 836 4036 primum
849 3971 969 4041 Gorgia,
990 3974 1092 4031 deiude
1111 3977 1166 4033 So·
1269 4010 1274 4023 x

169 4037 254 4088 cratis
272 4035 401 4098 auditor,
428 4047 456 4088 ct
473 4041 615 4106 patientiae
634 4044 898 4111 temperantiaeque,
924 4059 1009 4125 quarn
1032 4044 1163 4120 Socrates
1183 4084 1185 4089 ι
