2618 4440
96 308 201 394 '90
502 301 769 377 ecmonus
851 290 860 299 '

249 509 324 580 2063
363 464 480 593 Quill
509 499 556 584 si,
588 499 704 593 inquit
725 501 875 584 Crassus,
906 503 1061 590 quoniam
1084 524 1160 585 ego,

157 635 225 705 quo
255 605 382 675 saciliu‘s
412 619 471 672 tos
502 604 587 696 apud
618 630 672 671 me
700 623 863 687 tenerem,
894 623 1019 672 vestrae
1048 610 1160 699 potius

155 720 328 786 obsecutus
359 736 431 797 sum
459 707 633 791 voluntati,
663 728 835 802 quamaut
858 711 1081 780 consuetudini
1107 732 1162 783 aut

151 834 288 892 naturae
311 841 413 899 meae,
433 817 574 907 petimus
582 818 635 885 -ab
658 806 816 896 Atrtonio,
839 834 875 882 ut
898 840 944 898 ca,
969 841 1051 907 quae
1074 843 1161 886 cott-

118 944 121 951 '
153 931 365 1016 tinctusque
387 921 493 989 adhuc
511 919 666 1014 protulit,
689 945 728 987 ex
749 922 868 1012 quibus
887 946 988 988 unum
1010 921 1162 1017 libellum

154 1037 218 1105 sibi
249 1029 403 1098 excidisse
427 1023 615 1095 iamdudum
639 1046 768 1120 questus
795 1038 865 1111 ‘'est,
899 1027 1038 1120 explicet
1062 1031 1161 1097 nobis

153 1161 187 1210 et
209 1138 266 1207 illa
291 1132 425 1204 dicendi·
445 1134 597 1225 mysteria
620 1135 791 1200 enuntiet?
857 1196 860 1201 .

242 1248 289 1312 Ut
312 1239 450 1322 videtur,
475 1240 581 1330 in'quit
605 1236 781 1332 Sulpicius.
828 1241 912 1306 Nam
934 1240 1079 1307 Antonio
1099 1239 1176 1309 ‹li--

150 1369 243 1421 cente
266 1350 362 1415 ctiam
384 1342 465 1437 quid
486 1362 522 1411 tu
542 1345 658 1410 sentias
679 1342 908 1426 intelligemus.
1052 1358 1055 1363 '
1130 1412 1134 1417 ,
1224 1426 1229 1439 ,

150 1502 153 1507 ·
236 1468 312 1531 207.
356 1456 437 1520 Peto
457 1446 572 1536 igitur,
591 1451 699 1541 inquit
723 1449 869 1530 Crassus,
892 1473 910 1515 s
931 1465 982 1531 te,
1000 1451 1159 1542 quonism
1191 1467 1196 1475 '

149 1564 184 1634 id
205 1564 311 1641 nobis,
335 1557 473 1636 Antoni,
488 1556 686 1622 'hominibus
704 1555 739 1622 id
758 1555 876 1638 aetatis,
898 1556 1007 1621 oneris
1028 1556 1075 1620 ab·
1089 1554 1158 1624 ho·
1178 1558 1182 1563 ’

78 1657 81 1663 .
152 1696 228 1738 rum
264 1661 518 1731 adolescentium
555 1659 672 1727 studiis
704 1658 902 1753 imponitur,
936 1679 971 1729 ut
1003 1672 1158 1753 exponas,
1205 1712 1212 1731 t

63 1792 70 1806 ·
127 1776 231 1868 'quid
252 1773 291 1838 iis
316 1767 492 1848 derebus,
515 1787 596 1855 quas
619 1788 637 1828 s
660 1782 692 1830 te
715 1768 825 1855 quaeri
852 1765 959 1849 vides,
983 1770 1112 1865 sentias.

154 1918 158 1925 ·
235 1873 387 1945 XLVIII.
433 1868 679 1960 Deprehensum
690 1871 842 1961 equidem
859 1897 922 1951 me,
953 1874 1061 1964 inquit
1077 1874 1156 1940 An-

68 2024 71 2031 ·
111 1972 268 2070 ftonius,
290 1976 389 2073 plane
405 1976 508 2043 'video
529 1993 625 2066 atque
648 1979 763 2059 sentio,
784 2000 852 2043 non
873 1975 979 2044 solum
1000 1979 1091 2070 quod
1115 2004 1156 2050 ea

151 2091 363 2181 raquimntur
393 2105 503 2164 ame,
533 2104 675 2171 quorum
695 2092 777 2149 sum'
790 2086 920 2166 ignarus
943 2102 1037 2175 atque
1060 2088 1158 2153 inso-
1183 2108 1187 2114 '

146 2194 228 2279 lens,
251 2190 308 2260 sed
330 2191 424 2282 quia,
443 2183 533 2278 quod
557 2188 592 2252 in
616 2189 717 2255 caussis
741 2188 834 2255 valde
854 2189 972 2273 fugere
985 2187 1086 2273 soleo,
1109 2215 1156 2257 ue

143 2292 224 2385 tibi,
254 2290 601 2379 Crasse,.succedam‚
633 2292 668 2360 id
693 2317 747 2359 me
771 2318 858 2361 nunc
883 2294 936 2361 isti
959 2297 1062 2362 vitare
1083 2319 1155 2365 non

144 2406 264 2478 sinunt.
310 2416 383 2480 208.
427 2403 552 2469 Verum
575 2403 640 2466 hoc
664 2399 830 2485 ingrediar
848 2399 888 2466 ad
908 2408 957 2481 ea,
980 2398 1154 2492 qtaaevul-

145 2519 198 2594 tis,
223 2509 383 2590 audacius,
407 2504 498 2597 quod
520 2503 609 2571 idem
631 2506 712 2571 mihi
735 2531 833 2598 spero
857 2533 914 2574 usu
936 2530 1004 2573 esse
1030 2518 1177 2583 ventur
1233 2556 1240 2567 .

142 2646 217 2689 rum
239 2622 274 2683 iu
292 2617 355 2680 hac
376 2611 613 2702 disputatione,
646 2610 737 2702 quud
766 2615 800 2678 in
825 2611 963 2679 dicendo
982 2610 1084 2696 solet,
1113 2614 1153 2682 ut

140 2725 231 2793 nulla
252 2736 451 2811 exspectetur
474 2737 587 2782 aurata
610 2718 727 2782 oratio.
762 2721 877 2808 Neque
901 2721 987 2786 euim
1012 2744 1083 2785 sum
1106 2719 1151 2786 de
1219 2760 1222 2765 ·

139 2852 211 2909 arte¹
224 2830 379 2906 dicturus,
401 2846 497 2913 quum
519 2845 685 2912 nunquam
707 2819 818 2905 didici,
841 2824 898 2889 sed
915 2823 955 2889 dc
973 2848 1042 2889 mea
1062 2847 1155 2909 cou-¹

139 2935 327 3015 suetudine3
351 2933 484 3022 ipsaque
504 2925 572 3010 illa,
596 2950 677 3018 quae
700 2931 734 2995 in
750 2918 1025 3013 commentarium
1037 2953 1150 3023 meum

139 3041 248 3126 retuli,
273 3057 348 3106 suut
371 3033 541 3115 eiusmodi,
562 3057 631 3099 uon
648 3031 758 3125 alique
776 3035 857 3101 milti
880 3035 1029 3103 doctrina
1042 3034 1149 3103 tradi-

140 3173 187 3236 ta,
208 3148 265 3217 sed
287 3149 453 3211 iuratum
471 3164 530 3206 usu
554 3140 723 3231 causisque
746 3158 894 3223 tractata3
925 3165 1007 3233 qstae
1032 3143 1060 3207 si
1080 3124 1149 3211 voss.

136 3261 208 3341 bis,
230 3250 419 3320 homiuibus
443 3246 687 3336 eruditissimis,
718 3272 787 3316 non
810 3239 1055 3342 probabuntur}
1084 3271 1150 3319 ve-

146 3433 282 3456 m
346 3464 349 3469 Ι

207 3543 229 3610 I.
253 3541 313 3598 206.
347 3537 455 3592 sentias
472 3535 674 3606 intelligamus]
717 3534 768 3590 stc
793 3553 832 3590 ex
856 3535 986 3591 Manutii
1007 3534 1145 3591 emenda-
1224 3526 1228 3533 ¹

136 3620 215 3669 tione
234 3621 352 3666 recente.
368 3620 432 3678 post
449 3606 535 3672 Eru,
561 3618 661 3673 preter
679 3599 780 3673 Oisia,
808 3614 860 3673 qui
885 3611 1033 3676 vulgatam
1057 3606 1159 3661 codd:
1192 3614 1203 3657 .“

137 3697 166 3737 et
190 3682 252 3734 edd.
278 3683 447 3732 lectionem:
481 3676 627 3745 intelligas
650 3679 799 3729 sentiemus
827 3683 956 3730 retiuuit.
1003 3678 1095 3731 Initio
1108 3674 1146 3745 J!
1191 3668 1227 3715 ἢ*

138 3754 281 3820 sequentis
300 3766 363 3801 soc.
380 3748 472 3800 oneris
489 3744 614 3798 Schuetz
632 3756 697 3813 post
721 3748 752 3799 ia
769 3746 847 3797 uobis
864 3752 1048 3818 trausposuit.
1083 3742 1147 3813 ssd
1192 3748 1196 3753 ’
1224 3740 1240 3763 ”“

136 3825 294 3891 genitivum
312 3823 353 3871 sic
371 3834 442 3887 saepe
461 3835 477 3869 a
495 3833 563 3869 casu
579 3831 633 3867 suo
652 3828 768 3882 regante
782 3819 896 3882 lorsgius
908 3818 1045 3885 slisqugi,
1060 3808 1156 3877 mul-'J
1182 3816 1187 3829 '

133 3901 170 3946 tis
197 3890 335 3957 exemplis
360 3887 517 3952 probarunt
540 3884 642 3938 Masta.
669 3884 703 3937 ad
731 3885 771 3939 [v
799 3884 881 3940 Csttl.
902 3888 928 3939 8.
949 3889 981 3941 16
1005 3896 1082 3941 extr.
1098 3882 1145 3947 ἰς
1166 3880 1171 3919 2

132 3961 219 4017 Beier
235 3959 270 4012 ad
289 3958 316 4008 ΙΙ
335 3951 393 4008 Off.
411 3975 436 4026 9.
453 3958 487 4010 54
507 3974 532 4026 p.
553 3956 599 4011 0&
633 3954 793 4015 Muellerus
812 3955 868 4011 hoo
879 3972 956 4017 tos„
967 3966 1033 4028 post
1049 3942 1165 4029 s'mptsux

120 4033 204 4083 κίων
221 4031 386 4084 collocavlt·
943 4044 950 4049 '
1074 4038 1143 4095 ‚tini
