2618 4440
143 230 209 357 iso
250 346 253 353 ,
388 340 393 351 ,
533 268 769 341 nonnosus

144 463 293 534 facultate
309 458 489 558 'praeolat-s,
513 482 581 531 arto
602 465 792 534 mediocris:
839 468 903 535 Ars
924 467 1177 555 enimesrutn·
1231 498 1241 513 ÷

144 595 255 643 serum
272 589 330 653 est,
356 595 437 662 quae
457 563 622 655 sciuntur3
646 574 784 641 oratoris
802 589 909 639 sutem
930 577 1036 639 omnis
1056 573 1148 639 sotio

144 677 382 769 opinionibus,-
402 700 469 741 nou
494 677 626 742 scientis
647 679 841 753 continetur.
897 680 1032 773 Numet
1055 676 1148 770 apud

142 806 198 869 eos
222 783 377 862 dicimus,
410 783 467 872 qui
489 783 647 860 nesciunt,
676 800 708 851 et
729 808 766 849 ea
788 781 945 863 dicimus,
976 806 1060 874 quae
1079 806 1149 849 ne-

143 888 261 956 scimus
285 889 359 979 ipsi.
412 887 522 977 Itaque
547 905 579 954 et
600 885 650 953 illi
674 890 748 955 alias
770 885 860 954 aliud
879 887 995 955 iisdem
1018 886 1059 955 de
1084 912 1146 953 re·
1185 944 1202 977 ‚s

142 995 203 1060 bus
223 1012 255 1061 et
282 993 423 1062 sentiunt
446 1008 477 1059 et
498 983 665 1076 iudieaut,·
696 1012 727 1061 et
755 1019 815 1062 uos
843 996 1020 1061 contrarias
1044 1012 1148 1085 saepe

40 1169 43 1174 ,
81 1120 84 1131 ·
144 1124 252 1167 causas
275 1099 421 1181 dicimus,
450 1122 520 1167 uon
544 1098 642 1166 modo
666 1117 700 1166 ut
723 1099 853 1167 Crassus
875 1118 987 1167 contra
1010 1122 1063 1169 me
1086 1097 1171 1195 ‹li-¹

144 1222 194 1303 ost
213 1203 400 1298 aliquando,
421 1224 474 1270 sut
497 1229 559 1290 ego
572 1223 694 1297 ¹eoutra
715 1205 875 1287 Crassum,
895 1230 995 1298 quum
1010 1192 1151 1271 'ulteru-
1183 1290 1189 1301 Ι

145 1314 188 1379 tri
212 1336 340 1385 necesse
368 1313 410 1378 sit
437 1309 552 1379 salsum
573 1311 701 1396 dicere;
737 1311 915 1389 sedetiam
943 1328 979 1403 ut
1003 1327 1149 1403 uterque

144 1422 293 1487 nostrum
313 1418 426 1486 eisdem
446 1416 488 1485 de
506 1442 545 1485 re
565 1417 641 1485 alias
659 1415 747 1485 aliud
761 1417 923 1501 defendat,
947 1440 1056 1508 quum¹
1066 1412 1148 1507 plus

142 1548 209 1592 uno
238 1549 352 1593 verum
375 1548 443 1591 esse
470 1548 539 1592 nou
559 1525 672 1616 possit.
725 1525 770 1593 Ut
798 1525 897 1609 igitur
926 1518 1149 1615 inleiusmodi

141 1655 197 1710 re,
211 1666 213 1671 ·
228 1655 311 1722 quae
335 1630 503 1697 mendacio
525 1631 601 1696 nixa
630 1630 689 1712 sit,
721 1652 803 1721 quae
824 1628 865 1696 ad
887 1629 1054 1697 scientium
1072 1620 1149 1695 non
1175 1716 1180 1727 .

143 1760 237 1831 saepe
261 1736 447 1827 perveniat,
480 1758 561 1826 quae
591 1736 762 1826 opiniones
791 1735 962 1802 hominum
991 1749 1024 1801 et
1044 1756 1147 1825 saepo

144 1865 273 1908 errores
294 1860 481 1934 aucupetur,
506 1842 550 1910 ita
567 1838 692 1924 dicam,
721 1845 748 1910 si
772 1864 898 1909 eausam
919 1839 1037 1935 putatis
1060 1861 1146 1923 esse,

145 1956 204 2013 cu'r
227 1945 378 2014 audistis.
427 2007 431 2013 .

70 2045 77 2054 ’
235 2052 324 2139 VIII.
344 2065 399 2128 31
425 2040 512 2129 Nos
534 2075 625 2134 vero,
656 2069 688 2121 et
712 2049 804 2120 uelde
826 2049 978 2144 quidem,
1008 2034 1171 2115 Catulns'

144 2158 271 2249 iuquit,
300 2177 468 2251 putamus,
499 2177 595 2250 atque
617 2183 657 2227 eo
679 2159 799 2244 magis,
832 2154 923 2247 quod
945 2151 1036 2223 nulla
1058 2154 1160 2223 mihi·

143 2262 372 2332 ostentatione
385 2262 505 2333 videris
538 2289 606 2334 esse
635 2289 760 2333 usurus.
814 2265 959 2331 Exorsus
990 2285 1024 2328 es
1053 2260 1151 2329 enim

142 2395 211 2449 uon
231 2369 392 2456 gloriose,
422 2373 538 2458 magis,
564 2389 600 2441 ut
622 2389 657 2438 tu
677 2388 780 2464 putes,
810 2393 829 2434 a
851 2369 983 2466 veritate
1004 2389 1114 2460 quum
1125 2388 1149 2435 tt

57 2551 61 2556 ¹
140 2478 250 2544 nescio
272 2502 335 2568 qua
355 2476 520 2562 dignitate.
654 2512 656 2517 v
1087 2524 1092 2531 ·
1141 2522 1153 2549 .
1223 2502 1230 2547 5

232 2597 285 2659 32.
334 2585 380 2648 Ut
411 2583 509 2665 igitur
537 2579 617 2646 de
608 2569 681 2671 ipso
713 2604 831 2665 genere
857 2605 929 2646 sum
964 2532 1145 2662 consessus,
1236 2650 1240 2655 ,

145 2688 251 2779 inquit
274 2684 447 2768 Antonius,
468 2704 569 2752 artem
590 2708 748 2752 essenon
771 2687 961 2769 maximum,
991 2685 1039 2759 sie
1058 2680 1149 2753 illuct

143 2792 284 2874 affirmo,
311 2809 481 2882 praecepta
507 2799 606 2882 posse
636 2791 792 2887 quaedum
815 2790 894 2864 ¹duri
923 2806 1074 2884 persoutu
1100 2780 1146 2862 ud

142 2897 385 2991 pertractandos
418 2899 542 2964 animos
576 2896 748 2963 hominum
786 2914 818 2965 et
852 2896 893 2963 ad
935 2895 1151 2989 excipiendas·

142 3028 258 3072 eorum
278 3001 468 3072 voluntates.
522 3003 624 3070 Huius
649 3003 698 3069 rei
720 3004 886 3069 seientiam
906 3004 934 3069 si
958 3005 1031 3095 quis
1051 3000 1147 3071 volet

140 3135 290 3197 magnam
311 3110 472 3203 quandam
497 3127 599 3176 artem
622 3133 690 3174 esse
709 3109 828 3192 dicere,
850 3134 918 3176 non
939 3101 1150 3202 repugnabo'

140 3218 273 3285 Etenim
294 3242 394 3310 quum
414 3215 566 3310 plerique
582 3233 716 3311 ¹temere
737 3239 773 3281 ao
796 3213 886 3281 nulla
912 3214 1147 3282 ratioue''cau-

140 3349 188 3393 sas
209 3326 244 3390 iu
265 3323 339 3392 foro
363 3323 488 3405 dieunt,
518 3316 671 3390 nonnulii
695 3339 800 3388 autem
822 3341 960 3415 propter
981 3318 1145 3387 ‹uun-eitu-¹

140 3430 263 3497 tionem
292 3447 345 3496 aut
375 3446 513 3522 propter
536 3427 802 3497 consuetudinem
810 3424 965 3550 aliquam
992 3424 1143 3495 callidius
1179 3434 1183 3441 '
1225 3436 1242 3457 ’·

141 3533 329 3601 idfaciant:
355 3553 489 3602 nonest
510 3532 655 3617 dubium,
679 3535 770 3624 quin,
792 3535 820 3599 si
840 3537 911 3625 quis
933 3516 1145 3599 animsdver-

144 3641 228 3720 terit,
251 3640 375 3732 quid
348 3659 399 3724 stt,
430 3664 530 3732 quare
551 3637 606 3704 alii
628 3636 742 3706 melius
764 3665 861 3732 quam
879 3638 933 3706 alii
955 3638 1074 3719 dicant,
1106 3639 1148 3709 id·

143 3746 245 3837 possit
268 3765 389 3813 notare.
438 3750 529 3831 Ergo
555 3743 590 3810 id
619 3746 676 3837 qui
704 3763 773 3812 toto
806 3748 840 3811 in
871 3770 988 3831 genere
1012 3747 1142 3831 fecerit,

143 3852 169 3916 is
189 3849 216 3915 si
241 3874 307 3917 nou
332 3850 426 3943 piane
446 3871 568 3934 artem,
604 3868 634 3919 at
665 3854 754 3944 quasi
776 3871 877 3919 artem
901 3849 1062 3945 quandam
1081 3853 1144 3919 in-

141 3957 277 4025 venerit.
325 3972 376 4034 33.
410 3957 515 4049 Atque
540 3959 676 4045 utinam,
709 3975 744 4025 ut
766 3955 849 4026 mihi
871 3956 929 4027 ilia
948 3957 1062 4028 videre
1086 3961 1144 4027 vi-
