2618 4440
202 290 268 365 460
576 286 815 361 CICERONIS

199 505 238 549 ae
253 482 431 575 posteritati
450 482 640 569 ostenditur,
660 503 830 554 uteorum
848 485 977 569 civium,
995 510 1081 583 quos
1097 493 1212 561 nostri

199 607 308 683 patres
340 614 409 655 non
432 586 603 674 tulerunt.
637 592 702 657 iam
724 589 846 659 similes
874 591 997 658 hahere
1018 599 1209 689 cupiamus.

198 696 307 779 Mitte,
345 696 491 777 obsecro,
528 696 655 788 inquit,
693 696 817 782 Crasse,
856 695 968 780 Iulius,
1012 725 1210 772 sermonem

198 805 297 872 istum
326 819 357 868 et
385 819 418 868 te
450 800 491 868 ad
523 801 666 871 Gracchi
698 801 838 869 fistulam
858 805 966 889 refer,
1014 809 1109 876 cuius
1141 834 1207 897 ego
1242 876 1247 885 ,
1294 812 1297 817 ’

197 910 347 981 nondum
364 906 462 1002 plane
481 909 642 975 rationem
664 905 824 993 intelligo.

287 1015 376 1081 LXI.
399 1024 473 1089 227.
518 1014 557 1080 ln
580 1014 670 1080 omni
693 1037 789 1094 voce,
823 1015 930 1107 inquit
950 1019 1107 1101 Crassus,
1155 1036 1204 1087 est

118 1160 123 1173 ·
199 1120 355 1217 quiddam
372 1119 528 1204 medium,
547 1119 604 1187 sed
624 1144 719 1186 suum
740 1121 857 1212 cuique
876 1123 961 1188 voci.
1007 1122 1099 1188 Hinc
1122 1147 1204 1211 gra-
1256 1156 1262 1175 =

197 1230 299 1298 datim
329 1225 502 1293 ascendere
531 1249 646 1294 vocem
669 1223 776 1314 [utile]
803 1244 835 1293 et
863 1250 958 1293 suave
991 1244 1039 1293 est
1065 1232 1161 1316 (nam
1184 1256 1204 1297 a

194 1335 362 1431 principio
383 1329 522 1398 clamare
539 1349 660 1416 agreste
679 1324 835 1423 quiddam
855 1334 927 1418 est),
953 1330 1093 1423 etidem
1114 1332 1204 1405 illud

195 1441 237 1509 ad
257 1437 449 1506 firmandam
470 1454 516 1504 est
544 1434 826 1504 vocem-salutare.
879 1434 1007 1503 Deinde
1028 1456 1077 1506 est
1098 1440 1204 1531 quid-

193 1550 271 1617 dam
293 1545 509 1613 coutcntionis
530 1559 720 1623 extremum,
754 1541 844 1634 quod
863 1545 1131 1612 tamen'interius
1154 1564 1203 1615 est

193 1678 291 1748 quam
310 1651 508 1717 acutissimus
527 1645 661 1729 elamor,
686 1673 752 1740 quo
775 1666 807 1715 te
822 1647 929 1716 fistula
948 1649 1109 1741 progredi
1131 1676 1203 1720 non

193 1760 278 1824 sinet
301 1773 332 1821 et
355 1756 419 1820 iam
440 1755 480 1820 ab
509 1755 579 1845 ipsa
600 1755 806 1820 contentione
825 1754 1015 1837 revocabit3
1046 1774 1097 1822 est
1119 1757 1200 1826 item

194 1879 309 1929 contra
331 1858 487 1952 quiddam
507 1859 542 1923 in
564 1859 755 1924 remissione
775 1862 1018 1947 gravissimum,
1062 1886 1200 1955 quoque

192 1984 357 2059 tamquam
384 1984 542 2031 sonorum
571 1962 723 2048 gradibus
755 1962 971 2031 descenditur.
1019 1968 1110 2033 Haec
1139 1991 1200 2034 va-

192 2075 289 2143 rictas
321 2089 353 2138 et
380 2069 436 2135 hie
469 2094 530 2162 per
563 2071 675 2136 omnes
707 2093 804 2137 sonos
838 2076 927 2140 vocis
959 2093 1082 2137 cnrsuu
1106 2090 1140 2138 et
1164 2098 1198 2140 se

192 2180 337 2248 tuebitur
361 2193 392 2241 et
415 2178 531 2243 actioni
554 2175 665 2242 afferet
686 2179 884 2242 attavitatem.
942 2174 1010 2244 Sed
1030 2174 1197 2244 fistulato-

191 2310 264 2355 rem
289 2282 378 2349 domi
411 2280 621 2374 relinquetis,
666 2305 796 2348 sensum
822 2280 919 2350 huius
950 2282 1197 2353 consuetudinis

190 2391 360 2460 vobiscum
378 2387 418 2455 ad
442 2387 551 2455 forum
572 2385 734 2453 deseretis.

191 2512 330 2537 m

264 2567 331 2637 Cup.
348 2567 424 2620 LXI·
445 2568 470 2635 ᾗ.
490 2585 553 2637 227·
571 2567 706 2638 quiddam
722 2566 850 2636 medium]
891 2564 939 2621 sto
951 2568 1042 2638 vulgo
1061 2570 1150 2625 codd.
1166 2582 1195 2629 et

189 2638 254 2692 edd.
273 2637 329 2689 cfr.
348 2635 479 2688 Goercnz
495 2638 528 2688 ad
545 2637 566 2692 Ι.
581 2638 640 2690 Flu.
665 2653 703 2691 ιι.
724 2637 767 2689 38.
785 2639 969 2708 -quoddam
985 2641 1109 2692 medium
1128 2642 1194 2696 Vel.

189 2706 301 2774 steph„
322 2704 472 2768 Waldarl„
500 2705 578 2770 Etru,
603 2704 683 2762 llari.
706 2734 740 2745 -
757 2706 850 2759 Etiam
869 2706 944 2759 infru
980 2712 1103 2761 uoddam
1131 2730 1194 2765 ean·

189 2777 322 2827 tentiones
334 2784 484 2825 extremum
497 2792 549 2841 pro
563 2776 641 2842 vulg.
652 2777 784 2846 quiddam
800 2797 822 2828 c.
838 2787 910 2828 extr.
926 2727 1068 2831 exhibent
1080 2778 1193 2849 steph„

186 2843 294 2906 Iannh„
310 2843 387 2906 Etru,
403 2855 431 2894 et
446 2845 543 2910 paullo
553 2855 616 2912 post
635 2847 771 2913 quoddam
786 2849 815 2897 iu
829 2847 987 2899 remissione
997 2846 1101 2900 Eruet
1113 2850 1193 2905 Harl.

261 2915 330 2966 utile
347 2923 376 2965 et
395 2931 478 2965 tuave
498 2914 553 2979 est]
583 2913 657 2965 Voc.
682 2918 751 2967 utile
768 2932 784 2967 e
803 2918 895 2982 gluttu
916 2928 1015 2969 nalum
1033 2933 1098 2970 esee
1119 2921 1193 2972 vidit

189 2980 378 3042 Schoenon
406 2985 514 3035 utilitas
541 2988 616 3036 enim
640 2984 827 3051 sequentibus
846 2984 940 3038 verbis
970 2996 999 3038 et
1023 2988 1098 3039 idem
1119 2991 1195 3043 illud

187 3082 223 3094 -
240 3063 281 3106 est
298 3054 425 3105 salutare
444 3058 616 3105 continetur.
652 3051 840 3107 Schuetzium
859 3058 890 3107 in
908 3055 964 3107 hoc
982 3072 1047 3108 voe.
1066 3056 1193 3112 delendo

186 3128 279 3178 secuti
300 3133 365 3174 eunt
379 3122 457 3187 Harl.
475 3134 504 3174 et
521 3122 654 3175 Mueller.
690 3121 760 3177 Sine
779 3139 862 3178 cauea
881 3136 977 3177 autem
993 3127 1083 3180 iidem
1104 3133 1193 3181 ettam

91 3236 94 3241 .
185 3196 334 3261 sequentia
356 3210 421 3245 nam
440 3210 458 3243 a
475 3192 613 3264 principio
632 3192 754 3246 clamare
785 3205 898 3264 agreste
922 3196 1055 3266 quiddam
1076 3207 1122 3248 est
1142 3199 1193 3251 dd·

184 3263 300 3324 lerunt3
325 3280 386 3330 qnae
407 3260 492 3316 verba
510 3266 544 3330 sl,
569 3273 602 3313 ut
621 3263 708 3328 vulgo
728 3263 770 3328 fit,
796 3280 860 3319 cum
880 3280 959 3319 rore.
977 3267 1096 3317 elidem
1118 3268 1194 3320 iilud

184 3337 417 3396 coniungurnnr,
446 3348 512 3382 sane
533 3329 654 3383 absurda
672 3344 754 3396 suntt
783 3337 828 3386 sin
846 3334 1192 3403 purertthetiincludun·

182 3412 240 3467 tur,
259 3401 332 3453 nihil
350 3400 458 3455 habeut
478 3398 653 3453 offendente.
1059 3416 1069 3423 ‘

252 3481 280 3523 et
303 3473 360 3520 iani
388 3472 423 3522 ab
450 3473 512 3537 ipsa
537 3469 719 3537 contentione]
762 3469 818 3523 Pro
847 3474 963 3540 vulgato
983 3482 1012 3525 et
1032 3474 1190 3528 tamen-ad

182 3539 245 3610 ipsa
264 3543 434 3592 coartentione
454 3540 578 3594 Schuetz
606 3550 634 3591 et
659 3550 723 3607 post
741 3556 806 3592 eutn
825 3542 912 3604 Harl„
937 3541 1073 3609 Mueller,
1104 3542 1190 3601 Olsh.

182 3621 385 3665 correxeruntt
404 3613 453 3663 sed
469 3612 525 3663 iam
544 3608 656 3661 adiuta
675 3619 748 3663 cont.
781 3609 922 3677 Equidem
941 3614 1035 3665 nolum
1053 3630 1120 3665 voc.
1140 3625 1190 3666 ta·

182 3697 253 3742 men,
272 3680 348 3743 ‹nrod
368 3680 396 3735 h.
416 3682 434 3732 l.
462 3679 533 3733 ferri
550 3696 609 3730 non
627 3689 735 3746 potest,
761 3683 791 3730 in
809 3682 1002 3734 iamunutavi.
1039 3683 1190 3738 Particula

181 3757 210 3800 et
229 3746 260 3798 h.
278 3749 307 3812 l.,
330 3760 360 3799 ut
378 3767 450 3820 saepe
470 3752 548 3810 allus,
575 3759 638 3816 post
659 3753 818 3816 negativum
836 3756 1005 3804 sententiam
1025 3753 1189 3807 adversati-

180 3833 246 3873 vum
265 3821 323 3867 vinu
342 3817 441 3883 habet;
471 3820 522 3872 cfr.
541 3817 701 3869 llarnshoru
727 3816 779 3869 Gr.
797 3836 824 3888 p.
844 3820 895 3871 525
915 3823 955 3887 (p.
974 3825 1027 3874 810
1047 3822 1094 3878 ed.
1112 3825 1185 3892 alh).

180 3887 335 3937 —Paullo
355 3900 419 3952 post
439 3907 490 3958 pro
510 3890 588 3954 vulg.
606 3906 658 3956 per
672 3905 765 3939 omnes
791 3906 870 3942 aanor
889 3891 963 3942 uocis
982 3902 1082 3945 eureu'e
1104 3904 1136 3945 et
1157 3914 1187 3947 aa

181 3955 307 4007 tuebitur
329 3952 397 4008 Seli.
416 3975 431 4009 e
450 3961 525 4013 coni.
545 3968 579 4009 et·
591 3973 658 4009 cum
678 3973 715 4012 eo
731 3956 813 4019 Harl.
830 3958 1001 4021 admonete
1018 3978 1074 4037 por
1089 3980 1187 4023 omna·

179 4042 260 4080 aanor
277 4041 374 4079 eureus
392 4036 421 4081 et
440 4046 531 4087 uocem
549 4026 685 4082 tuebitur·
976 4074 980 4079 .
1067 4038 1089 4059 ··
