2618 4440
160 333 246 431 164..
532 322 768 393 cressonis

159 513 336 586 clarissima
349 522 352 529 '
365 515 508 585 rhetoris
535 514 661 584 officina
691 515 758 585 duo
786 533 980 609 praestantes
1013 519 1170 608 ingenio,

96 678 99 683 .
159 626 399 717 Theopompus
426 616 657 721 ct.Ephorus‚'
684 624 724 688 ab
746 623 885 689 Isocrate
914 623 1068 708 magis'tro
1093 628 1169 696 im·

159 730 245 823 pulsi
273 753 309 795 se
338 725 380 793 ad
411 725 582 819 historiam
611 728 838 815 contuleruut3
882 751 989 797 causae
1018 736 1168 809 omniuo

158 857 325 927 nunquam
346 832 530 918 attigerunt.

129 992 133 1014 i
157 985 296 1025 ''¹¹³¹‘'

230 1065 313 1142 quasi
332 1084 366 1121 ex
383 1054 541 1121 clarissima
567 1065 687 1120 rlrtort'r
705 1065 828 1136 officina]
853 1061 902 1121 Sle
922 1067 1054 1138 plerique
1072 1070 1165 1133 codd.

158 1143 229 1209 (nisi
247 1136 324 1222 quod
344 1139 375 1191 irs
400 1152 452 1204 pro
468 1156 502 1189 ex
519 1136 610 1192 IIuvn.
630 1136 663 1201 B,
689 1149 717 1189 et
736 1138 859 1190 oratoris
875 1136 968 1191 llavn.
986 1149 1081 1207 uterq.
1095 1156 1164 1209 ¹pro
1227 1148 1233 1157 '

158 1210 286 1273 rhetoris)
305 1217 334 1259 et
360 1207 449 1273 vulgo
470 1205 532 1260 edd.
553 1225 643 1258 -ex
668 1205 826 1261 clarissima
854 1210 936 1278 quusi
952 1207 1074 1260 rhetoris
1094 1210 1165 1278 offii-

156 1283 223 1335 cina
240 1278 319 1333 Harl.
342 1292 353 1329 t
374 1274 469 1344 (prob.
488 1275 615 1341 mare),
637 1275 699 1331 Eri.
720 1295 740 1340 t,
757 1288 785 1329 et
803 1279 844 1329 sle
861 1272 950 1329 edidit
968 1275 1048 1329 Harl.
1063 1304 1103 1318 -
1120 1294 1164 1333 et

157 1351 314 1405 clarissima
341 1347 423 1419 quasi
448 1347 586 1398 rhetorum
604 1344 715 1466 ostrina
734 1344 910 1408 Muellerus,
943 1364 977 1397 ex
993 1345 1162 1402 clarissima

158 1419 276 1474 rhetoris
297 1418 379 1489 quasi
397 1414 506 1484 officina
525 1410 608 1466 Ellen
630 1414 692 1466 tad
712 1413 791 1470 Brut.
810 1431 837 1482 p.
845 1411 888 1477 36,
906 1423 1028 1484 uterquc
1044 1432 1060 1468 e
1080 1422 1163 1474 coni.

155 1514 190 1530 ...
208 1487 313 1544 Omnia
331 1488 390 1540 hec
418 1489 514 1556 spuria
537 1484 675 1539 iudicavit
693 1485 885 1537 Ruhnkenius
906 1483 982 1537 Hist.
1000 1490 1063 1539 erit.
1082 1500 1161 1546 orat.

156 1560 206 1617 Gr.
224 1562 364 1628 premissa
382 1554 427 1607 ed.
446 1555 550 1608 Rutilii
569 1552 643 1621 Lupi
661 1571 689 1621 p.
708 1556 760 1622 873
779 1553 885 1605 delevit
903 1551 1087 1613 Selsuetziut.

235 1629 422 1696 Theopompus
441 1633 472 1676 et
497 1620 638 1743 Ephorus&
666 1624 850 1692 Theopompus
874 1618 963 1675 Chius
1000 1626 1077 1677 circu
1110 1640 1160 1686 ιη’.

156 1699 210 1750 580
227 1716 253 1752 a.
269 1694 335 1749 Chr.
351 1704 433 1745 natus
450 1691 573 1744 videtur.
640 1708 687 1744 usa
712 1703 807 1760 petre,
834 1689 993 1745 iaeontsrnt
1010 1693 1160 1761 damnato,
1229 1722 1233 1727 ·

156 1785 173 1820 e
191 1771 305 1819 civitate
331 1767 457 1824 eiectat,
481 1772 578 1828 postea
603 1777 680 1841 antiq
699 1766 786 1813 utatis
812 1760 1027 1830 quadragesimo
1047 1769 1158 1835 qttiuttr
1189 1800 1194 1807 -

157 1835 191 1891 ab
198 1830 365 1889 Alexandro
373 1826 478 1897 Magno
496 1840 645 1881 resocatus
661 1838 712 1887 est.
749 1826 865 1890 Mortuo
880 1826 1047 1884 Alexandro
1066 1834 1157 1891 exord

155 1914 261 1961 iterum
278 1902 368 1955 lactan
388 1903 421 1951 in
440 1899 599 1967 AEgyptuni
618 1902 698 1951 veuit
715 1898 810 1962 (Phot.
832 1899 895 1953 eod.
916 1918 926 1952 i
950 1900 988 1964 6).
1026 1896 1155 1968 Quando

156 1977 204 2030 vel
229 1972 281 2026 ubi
299 1974 428 2023 mortuiis
446 1964 500 2036 sit,
532 1983 590 2019 non
612 1966 712 2035 liquet.
765 1965 896 2021 Isocratis
923 1918 1073 2039 disciplina
1101 1984 1156 2027 aut

154 2041 277 2100 Athenis
301 2048 352 2095 aut
369 2032 434 2092 Chii
452 2043 530 2102 (uam
548 2032 685 2090 isocrates
703 2036 878 2104 aliquamdiu
905 2037 980 2107 apud
998 2036 1087 2094 Chios
1106 2059 1155 2096 at·-

154 2127 211 2167 tem
230 2116 381 2166 oratoriam
399 2110 531 2161 docuisse
547 2106 648 2171 fertur,
666 2105 874 2161 Pseudo-Plut.
891 2107 921 2159 X
933 2103 1027 2160 Otatt.
1043 2110 1154 2179 tritus&

153 2185 275 2242 Photius
294 2197 322 2251 p.
348 2180 400 2232 486
419 2174 527 2246 Ileklr.)
545 2193 614 2230 usus
631 2181 670 2229 ita
689 2178 849 2240 excelluit,
876 2188 907 2229 ut
932 2181 1008 2230 iuter
1025 2182 1154 2247 optimos
1182 2222 1185 2227 .

155 2254 243 2308 huius
262 2252 386 2309 rhetoris
404 2248 559 2316 discipulos
575 2258 774 2299 numeraretur
787 2244 921 2312 <Dionys
939 2244 1082 2301 Halicarus
1103 2256 1153 2320 epi

153 2325 189 2379 ati
216 2322 266 2375 Cu.
283 2321 383 2388 Pomp
408 2334 435 2370 c.
454 2317 487 2380 fr,
513 2317 599 2371 Phot.
618 2334 646 2384 p.
665 2333 711 2368 tat
735 2314 878 2379 bekker.)-
931 2317 966 2367 Iu
985 2321 1166 2386 certamine*

99 2398 106 2413 ·
151 2391 231 2464 quod
250 2387 404 2446 Artemisia
422 2382 555 2440 laudibus
567 2378 701 2454 Mausoli,
718 2383 805 2437 Cariae
827 2388 910 2452 regis,
931 2384 1063 2438 dicuudia
1080 2382 1151 2456 pro-

151 2468 258 2535 posuit,
275 2478 339 2514 cum
352 2456 526 2522 Theodecte,
542 2456 681 2507 Naucrate
698 2466 727 2506 et
744 2455 865 2521 Isocrate
882 2459 993 2507 minore
1010 2470 1152 2524 congrae.
1182 2508 1185 2515 ,

150 2520 1152 2665 3:¹⁵.vittatistitiinituiiit.t‘it⁸?.t.tt.‘¹⁰titt

174 2645 181 2658 .
214 2637 222 2655 ο
583 2629 591 2642 ·
1044 2632 1052 2659 t

150 2671 206 2723 bus
224 2682 270 2720 res
288 2665 323 2720 ab
341 2663 389 2720 01.
408 2657 497 2717 XCII.
518 2678 534 2713 2
552 2661 638 2725 (liri,
657 2672 716 2728 quo
740 2675 815 2713 auno
828 2657 945 2715 'linierat
966 2662 1152 2731 Thucydidis

151 2739 282 2803 historia,
307 2748 398 2801 usque
417 2731 451 2783 ad
469 2727 521 2783 Ol.
536 2726 639 2784 xcvt.
657 2731 674 2780 5
692 2730 771 2802 (394)
792 2742 883 2797 gestas
902 2733 1148 2800 complectebatur

150 2805 283 2872 (Diodes.
300 2802 382 2856 XIV.
401 2801 465 2867 84),
493 2799 709 2867 et-Plsilr'ppiea
737 2798 817 2852 libris
843 2805 1051 2869 quinquaginta
1079 2812 1148 2856 octo
1216 2836 1220 2843 .

151 2873 285 2943 (Diodor.
302 2871 384 2925 XVI.
404 2869 448 2934 ils
473 2865 647 2922 Φιλιππικῶν
666 2867 731 2921 libri
752 2871 795 2933 tr,
813 2871 846 2921 42
866 2880 895 2922 et
914 2868 948 2921 at
969 2887 1013 2922 res
1032 2868 1167 2926 Sleulas,

152 2939 335 2998 continebant
359 2938 441 3003 (ibid.
464 2954 489 2989 c.
508 2942 564 3058 pp).
618 2937 659 2989 De
687 2938 868 3006 Theopompi
895 2943 953 2992 rita
978 2951 1006 2992 et
1030 2944 1147 3010 scripti!

150 3014 363 3070 disseruerunt:
382 3009 426 3064 rr.
446 3007 507 3059 lioc
548 3003 702 3075 deTheop.
725 3005 806 3074 Citio,
825 3006 940 3061 Stettin.
964 3026 1041 3079 ¹70²·
1055 3011 1082 3077 8,
1101 3026 1148 3063 re-

100 3156 106 3161 ·
304 3070 1148 3202 heristellium².M:·s.².¹¹¹..¹·.esnn

148 3152 370 3277 dhidt'rhiihgig'l'.
391 3180 487 3284 ilhp.
507 3184 645 3284 3h7·419;
679 3198 716 3267 A'.
738 3182 761 3270 t’.
781 3163 934 3283 FspPilugk
961 3216 997 3270 de
1016 3218 1071 3270 Th.
1092 3214 1147 3271 ch.
1184 3228 1189 3235 '

148 3299 206 3346 vita
228 3299 257 3343 et
274 3292 395 3358 seriptis,
415 3286 510 3338 Ilerol.
533 3287 615 3354 18273
637 3295 673 3350 et,
691 3289 742 3352 quii
761 3289 823 3339 eius
843 3285 999 3353 lrugrneuts
1017 3287 1146 3352 collegit,

147 3363 182 3416 it.
200 3361 237 3414 H.
255 3360 414 3427 Eyasoniut
433 3351 576 3417 wishem,
598 3353 688 3421 Lugd.
707 3353 802 3407 Bttsr.
824 3357 898 3425 ¹3²9·
918 3357 944 3408 8.
963 3380 998 3396 -·-
1017 3357 1146 3424 Ephorus

147 3432 283 3498 Cymoeus,
303 3425 408 3494 Gyaris,
424 3423 546 3479 AEolidis
564 3424 686 3492 oppitlop
696 3420 743 3481 01.
755 3423 850 3477 XCIII
874 3426 949 3491 (408)
970 3436 1060 3489 iratus,
1081 3427 1145 3478 leo·

146 3506 230 3551 eratis
252 3498 418 3564 discipulus,
446 3498 559 3561 scripsit
577 3493 724 3545 historiam
739 3496 927 3546 universalem
953 3490 1001 3562 (cd
1019 3488 1143 3548 καθόλου

147 3567 248 3633 Polyb.
269 3568 305 3621 V.
323 3567 374 3628 33,
396 3558 445 3619 crit
469 3558 558 3615 uosvis
577 3557 686 3628 nudius
709 3563 825 3618 [hodor.
845 3561 900 3617 Sic.
921 3563 972 3618 IV.
994 3583 1023 3626 t,
1056 3564 1093 3614 V.
1115 3566 1144 3631 ι)

21 3687 38 3699 ,
147 3635 229 3690 libris
249 3628 340 3688 XXX
365 3633 399 3685 ab
419 3630 632 3686 Heraclidatum
650 3631 744 3682 reditu
765 3648 857 3698 usque
881 3633 916 3685 sd
932 3631 1065 3684 Perinthi
1085 3631 1144 3684 ob-

147 3705 287 3757 sitliotmm
304 3700 352 3755 01.
372 3700 447 3755 CIX.
464 3699 585 3760 42341,
605 3701 783 3765 singulisque
804 3700 886 3752 libris
904 3706 1048 3769 prooemia
1069 3718 1145 3768 pres-

146 3772 214 3826 fixit
233 3772 365 3836 (Iliados.
382 3773 412 3825 lt.
436 3785 477 3824 ce.
492 3779 522 3820 et
539 3771 622 3834 impr.
632 3766 713 3818 XVI.
723 3767 765 3836 76,
785 3764 887 3821 Suidas
902 3788 964 3826 voe.
979 3763 1145 3840 ''Epriam).
1202 3788 1207 3796 ·

53 3854 57 3860 '
145 3842 212 3896 Alia
231 3843 293 3891 elus
310 3845 410 3906 scripta
433 3835 629 3907 philosophica
647 3846 675 3887 et
693 3835 834 3888 rhetorica
853 3851 1053 3893 commemorat
1072 3837 1143 3893 Sui·

147 3912 195 3965 das
213 3910 233 3964 l.
253 3925 278 3958 e.
320 3907 468 3974 Ephorum
494 3910 603 3974 maguis
625 3904 758 3958 laudibus
781 3900 862 3959 eliert
889 3908 993 3976 Polyb.
1011 3922 1142 3977 excerpt.

144 3982 240 4032 vatic.
264 3981 293 4028 iu
317 3974 388 4027 Maii
412 3981 518 4044 serIptt.
547 3986 616 4029 vett.
643 3991 717 4027 nove
742 3975 852 4029 collect.
880 3978 946 4029 Vol.
967 3979 1001 4030 ll.
1027 3996 1056 4053 p.
1074 3982 1137 4038 4⁰2.

144 4051 214 4105 Eius
232 4046 388 4116 traginensis
406 4044 523 4113 collegit
540 4044 580 4099 M.
601 4044 695 4116 Marx,
720 4041 892 4098 Caroliruhae
913 4049 988 4101 1815.
1006 4047 1033 4104 8.
