2618 4440
330 303 390 394 un
413 297 627 367 carrona
651 296 735 365 tm·
757 298 815 367 tn.
837 303 889 378 n.
908 308 979 373 50..
1016 402 1019 408 .
1092 293 1159 377 aas

153 497 287 566 cretico.
339 494 467 561 Horum
491 493 730 561 vicissitudines
754 492 903 570 efficient,
931 508 983 579 ¹4ut
1007 513 1112 581 neque
1131 481 1157 563 il

150 605 315 684 satientur,
338 601 397 692 qui
417 598 567 681 audient,
597 598 732 667 fastidio
753 595 985 679 similitudinis,
1016 620 1078 667 nec
1098 618 1159 662 not

106 784 112 789 ¹
151 707 207 790 id,
251 707 342 799 quod
360 706 531 782 faciemus,
578 730 678 796 opera
709 703 818 771 dedita
847 707 954 772 facere
979 697 1172 775 videamur„

153 811 232 892 194}
252 812 354 904 Quod
374 813 408 877 si¹
420 810 591 902 Antipater
613 809 670 878 ille
686 811 852 890 Sidonius,
875 833 973 900 quem
990 826 1025 876 tu
1041 808 1157 900 probe,
1175 895 1177 901 s

154 917 279 1002 Catule,
301 918 488 998 meministi,
514 915 627 984 solitus
644 936 691 983 est
710 941 821 984 versus
839 915 1042 982 hexametros
1058 912 1158 981 alios·

154 1049 220 1117 que
241 1022 338 1091 variis
362 1023 468 1091 modis
492 1041 587 1112 atque
609 1025 754 1090 numeris
775 1021 913 1121 sundere
936 1045 976 1087 ex
991 1038 1155 1114 tempore,

155 1148 344 1223 tantumque
360 1129 504 1197 hominis
526 1130 685 1213 ingeniosi
709 1152 746 1193 ac
766 1127 921 1193 memoris
942 1126 1041 1195 valuit
1061 1152 1158 1225 exer·
1201 1148 1207 1153 ·

151 1237 271 1317 citatio,
313 1251 373 1317 ut,
405 1258 507 1324 quum
531 1257 565 1299 se
589 1251 697 1299 mente
720 1257 756 1298 ac
777 1230 943 1307 voluntate
968 1236 1160 1302 coniecisset

149 1339 364 1422 inversum,
409 1339 509 1404 verbe
538 1357 774 1430 sequerentur:
821 1355 942 1428 quanto
974 1337 1009 1404 id
1032 1337 1157 1404 facilius
1246 1389 1254 1404 ,

151 1444 187 1510 in
209 1444 373 1527 oratione,
416 1444 645 1510 exercitatione
676 1462 715 1510 et
728 1443 972 1513 ¹cousuetudine
999 1442 1171 1525 adbibita,

151 1551 415 1641 consequemur?
483 1559 556 1628 195.
611 1546 700 1616 Illud
729 1570 835 1618 autem
868 1574 911 1618 ne
945 1549 1018 1640 quis
1052 1533 1161 1635 admi{
1172 1610 1175 1615 .

150 1673 253 1738 retur,
297 1677 440 1746 quonam
469 1652 571 1722 modo
597 1654 677 1720 haec
707 1655 822 1743 vulgus
853 1658 1082 1751 imperitorum
1121 1657 1157 1722 in

151 1759 313 1827 audiendo
333 1771 442 1827 notet:
487 1784 588 1852 quum
617 1762 652 1826 in
675 1764 765 1829 omni
787 1787 907 1850 genere
928 1781 997 1829 tum
1026 1765 1060 1828 in
1090 1762 1155 1829 hoc

149 1866 223 1958 ipso
250 1889 363 1955 magua
400 1864 558 1958 quaedam
595 1882 642 1932 est
672 1867 722 1933 ris
757 1867 1029 1962 incredibilisque
1061 1887 1157 1937 natu·

148 1996 215 2040 rae.
283 1974 406 2039 Omnes
427 1972 515 2040 enim
538 1974 644 2047 ncito
670 1971 814 2064 quodam
836 1997 950 2054 sensu,
997 1977 1067 2041 sinc
1090 1973 1157 2042 ulle

146 2094 215 2146 erte
243 2094 297 2147 aut
324 2080 469 2160 ratione,
514 2102 596 2169 quae
627 2079 692 2144 sint
725 2081 761 2145 in
789 2078 911 2149 artibus
947 2102 983 2144 ac
1016 2081 1157 2148 rationi·

151 2306 181 2358 in
196 2321 296 2374 poeone
311 2313 365 2357 ete.
383 2317 449 2358 enm
466 2305 600 2370 proxime
625 2299 860 2356 antecedentibus
879 2302 996 2373 iungat,
1021 2317 1049 2360 et
1067 2309 1156 2361 atter·

149 2393 200 2428 nor
217 2374 339 2426 choreus
359 2384 389 2427 et
406 2372 512 2426 heroos
532 2377 564 2437 in
582 2386 723 2436 numero,
750 2376 801 2439 qui
820 2387 933 2428 constet
951 2393 988 2431 ex
1008 2378 1155 2446 paeonibus

148 2445 195 2497 vel
215 2447 336 2507 creticis,
355 2440 620 2509 inessesignificari
638 2438 722 2494 dicat.
759 2440 846 2495 ”Nam
862 2448 918 2508 si,”
933 2450 1037 2514 inquit,
1057 2449 1155 2500 ’'clau-
1184 2452 1188 2456 '

149 2514 212 2567 sule
230 2517 268 2566 sit
285 2530 324 2566 ex
342 2513 451 2582 duplici
472 2526 568 2579 pectre
596 2527 614 2558 ο,
631 2527 648 2558 0
665 2526 683 2558 0
704 2539 739 2552 -·
766 2527 783 2559 0
800 2527 817 2558 0
836 2530 853 2561 o
879 2543 925 2579 -‚
942 2521 1016 2570 inest
1031 2517 1156 2571 choreus

150 2586 190 2652 (o
208 2600 225 2631 c
243 2585 281 2650 ο)
300 2586 441 2637 alternans
459 2597 525 2634 cum
546 2581 661 2648 dactylo
680 2585 727 2648 (-
745 2603 762 2632 υ
780 2589 835 2651 o);
863 2591 912 2653 ain¹
927 2602 1023 2654 paone
1042 2599 1071 2640 et
1089 2604 1152 2641 cre·
1196 2630 1198 2635 .

147 2662 207 2709 tico
229 2665 340 2708 constet
368 2672 385 2702 υ
404 2671 456 2707 oo
473 2679 553 2690 --
573 2667 591 2698 υ
612 2680 663 2717 -,
681 2659 755 2708 inest
772 2657 894 2710 choreus
913 2672 978 2710 cum
996 2657 1156 2724 spondeo.'’
1238 2684 1249 2705 s

149 2728 260 2779 Verum
278 2738 372 2789 neque
392 2717 501 2789 {inplere
520 2732 572 2772 ant
591 2723 664 2775 harre
682 2722 738 2776 sert
763 2731 1039 2794 interpretationem,
1052 2743 1152 2795 ‚neque

148 2796 272 2848 choreus
287 2790 418 2842 Ciceroni
440 2800 482 2841 θεῖ
493 2788 655 2857 tribrachys
671 2795 923 2858 tquetnadrnodum
936 2801 1048 2865 putavit
1061 2794 1154 2865 Sem),

148 2880 235 2933 quern
252 2860 355 2931 pedem
373 2857 473 2910 Cicero
493 2873 575 2912 vocat
593 2860 748 2915 trochaeum
771 2866 850 2930 (vide
870 2867 905 2917 ad
924 2869 967 2934 47.
993 2867 1070 2932 182);
1103 2867 1154 2921 aed
1239 2892 1244 2904 Ι

148 2935 271 2985 choreus
290 2942 333 2983 est
350 2934 384 2992 is,
402 2932 454 2994 qui
472 2928 560 2996 vulgo
578 2933 866 2987 vocaturlrochaeus.
919 2934 978 2988 cn.
997 2933 1155 2991 Cic.0rat.
1184 2977 1188 2984 .
1233 2977 1238 2993 .

124 3053 131 3061 ,
149 3004 192 3058 63.
214 3020 281 3055 212:
299 3002 354 3071 out
369 2998 512 3051 dichoreus
525 3011 651 3063 vocatur,
671 3020 754 3072 quum
768 3006 827 3069 ¹(luo
838 3007 956 3058 extremi
972 3005 1063 3059 chorei
1078 3017 1154 3069 sunt,

148 3075 180 3124 iat
198 3082 282 3140 est,e
308 3069 428 3140 singulis
446 3068 537 3138 longis
560 3081 588 3121 et
609 3070 756 3133 lvevr'bus,¹
783 3064 990 3142 explanandum
1009 3085 1051 3125 est
1072 3079 1152 3137 enim,
1182 3069 1184 3072 ⁵

148 3144 224 3215 qnod
241 3143 278 3194 ab
304 3142 372 3193 aliis
390 3139 473 3190 iidem
495 3142 580 3206 pedes
598 3141 665 3192 attis
685 3144 866 3195 monsirentur
887 3144 1040 3197 uocabulis.
1075 3147 1154 3197 Vul-

125 3255 128 3261 .
148 3224 219 3280 gatae
237 3215 371 3265 lectionis
388 3205 476 3259 cerba
494 3220 605 3276 praestat
620 3215 659 3262 ita
676 3215 805 3280 iungere,
825 3212 1063 3281 quemadmodum
1081 3233 1153 3282 prae-

150 3286 228 3404 celpit
245 3277 394 3336 Orellius:
412 3279 528 3330 extremi
543 3281 636 3348 pedes,
656 3299 723 3352 quoa
743 3308 779 3324 ·-
793 3285 822 3334 in
837 3300 981 3354 poeone-
993 3301 1051 3336 esse
1070 3302 1152 3354 opor.
1246 3305 1249 3311 ·

145 3361 176 3407 te
195 3353 229 3403 ir.
713 3381 715 3385 Α

135 3445 145 3471 t
223 3421 248 3487 ᾗ.
276 3419 333 3489 194.
375 3416 531 3484 Antipater
557 3417 605 3469 itte
631 3420 774 3486 Sidonius]
821 3421 977 3492 Antipater
1003 3419 1152 3485 Sidonius,

147 3503 252 3560 poeta,
272 3486 391 3540 'cetrtum
417 3485 479 3537 sere
497 3491 577 3538 antris
596 3506 621 3540 a.
641 3487 704 3541 Chr.
727 3507 754 3541 n.
774 3487 884 3541 tloruit.
927 3490 973 3544 Aa
994 3504 1152 3544 extremam

146 3572 258 3613 aetatens
276 3563 438 3626 pervenisse
458 3565 545 3622 atque
565 3559 653 3610 natali
672 3575 726 3610 suo
743 3559 804 3624 die,
823 3576 881 3626 quo
903 3565 1056 3626 qumannis
1075 3560 1154 3613 febri

146 3635 260 3698 corripi
273 3630 375 3682 solitus
404 3637 474 3688 erut,
502 3627 601 3678 eodem
628 3627 730 3678 morbo
749 3639 934 3694 consumptus
953 3645 1015 3682 esse
1034 3625 1150 3686 dicitnr.
1195 3634 1197 3639 “

117 3724 121 3733 ·
147 3698 245 3765 Valet.
262 3699 341 3753 Max.
360 3697 384 3748 l.
403 3698 550 3750 ttaecxtern.
572 3697 616 3761 16,
638 3697 712 3751 Ptin.
733 3698 768 3748 Η.
787 3697 823 3749 N.
843 3698 910 3750 ΠΙ.
938 3699 990 3761 523
1013 3699 1066 3751 cir.
1091 3699 1149 3752 Cic.

146 3766 182 3818 tle
200 3769 268 3819 Fato
287 3770 313 3819 5.
332 3770 356 3821 5.
397 3764 467 3818 Eius
487 3770 689 3834 epigrammata
708 3768 833 3832 (tundam
853 3772 1013 3820 exstantia
1031 3769 1151 3824 Anthea

126 3835 223 3904 logia
244 3835 349 3891 Groeca'.
390 3834 463 3888 Cuut
483 3835 513 3887 lr.
533 3839 553 3888 l.
570 3836 624 3897 cl'r.
643 3833 765 3904 Quintil.
788 3837 828 3891 X.
850 3856 875 3906 7.
897 3856 945 3909 ¹9»
1028 3862 1031 3867 ·

216 3907 332 3976 istob·
374 3906 434 3958 eine
457 3906 520 3957 ulla
547 3917 610 3958 orte
634 3915 686 3957 aut
719 3908 829 3961 ratione
855 3936 888 3948 -
916 3927 950 3961 oc
978 3907 1149 3974 rationibus]

146 3970 471 4042 Schuetzitts'enmque
497 3988 611 4027 secutus
637 3975 714 4027 Harl.
739 3975 826 4029 rerba
853 3987 981 4030 artaret
1000 3990 1029 4028 et
1049 3997 1081 4028 ne
1101 3995 1149 4026 ra·
1178 3974 1181 3978 ’

143 4043 267 4101 tienihits
285 4042 323 4119 u't'
335 4044 507 4115 interpolate
525 4057 552 4098 et
576 4063 676 4101 renutu
693 4063 807 4102 sensum
829 4047 970 4103 turbantia
993 4053 1147 4101 eiecerunt.
