2618 4440
161 220 261 365 “13
433 378 436 382 ‚
591 236 827 351 nicanorus

216 493 359 563 accurata
375 475 512 568 mindam
526 475 681 543 orationis
696 477 801 569 copia,
820 474 878 543 scil
897 493 978 543 nutu
996 492 1092 569 atque
1110 478 1214 549 verbo

214 582 385 653 libertinos
410 585 446 649 iu
469 568 611 651 urbanas
629 583 732 649 tribus
754 579 935 669 transtulit,
961 583 1052 673 quod
1076 584 1138 650 nisi
1162 585 1216 669 le·

215 693 326 770 cisset,
347 714 419 756 rem
441 685 632 780 publicam,
653 712 752 779 quam
773 713 860 754 nunc
881 690 934 757 vix
958 707 1123 770 tenemus,
1150 694 1216 759 iam
1244 755 1247 762 .

214 797 270 863 diu
293 793 416 879 nullam
439 792 643 877 haberemus.
690 799 733 862 At
756 817 836 861 vero
864 795 933 861 eius
956 791 1016 858 filii
1043 793 1157 862 diserti
1179 813 1222 864 et.

181 942 186 952 =
213 902 366 968 omnibus
396 900 449 970 vel
478 919 609 968 naturae
630 897 683 964 rel
714 899 886 966 doctrinae·
901 898 1071 991 praesidiis
1092 900 1133 966 ad
1150 886 1229 989 ‚diss

213 1008 353 1074 cendum
376 1008 497 1099 parati,
529 1029 630 1098 quum
653 1007 817 1072 civitatem
840 1002 889 1073 vel
915 1025 1052 1097 paterno
1073 1004 1214 1087 consilio

213 1112 268 1180 vel
288 1115 379 1179 avitis
401 1111 778 1177 armisflorentissimam
800 1112 1005 1202 accepissent,
1031 1111 1088 1175 ista
1106 1136 1214 1202 prae·

214 1215 300 1283 clara
319 1218 553 1303 gubernatrice,
570 1236 620 1302 ant·
632 1219 693 1300 ais,
719 1208 901 1302 civitatum,
921 1214 1117 1307 eloquentia,
1140 1226 1232 1287 rem'

213 1321 378 1417 publicam
401 1322 648 1414 dissipaverunt.
688 1341 690 1345 ’
1109 1396 1116 1405 ,
1170 1396 1173 1401 ,

302 1432 347 1497 Χ.
367 1440 420 1504 39.
451 1427 568 1516 Quid?
601 1426 687 1513 leges
720 1445 854 1495 veteres·
872 1450 1009 1517 mosque
1032 1429 1223 1511 maiorum¹
1273 1424 1275 1431 ¹

211 1533 315 1627 qnid?
338 1534 488 1624 auspicia,
513 1535 630 1624 quibus
651 1552 683 1599 et
700 1557 760 1617 ego
778 1550 810 1597 et
830 1549 879 1616 tu,
897 1533 1022 1614 Crasse,
1047 1556 1121 1599 cum
1139 1559 1241 1601 tna--

209 1659 275 1724 gna
304 1639 354 1704 rei
382 1636 532 1728 publicae
559 1636 662 1709 salute
680 1639 895 1728 'praesumus3
927 1637 1034 1729 quid?
1071 1636 1213 1724 religio-

212 1768 270 1809 nes
300 1760 331 1810 et
355 1743 589 1823 caerimoniae,
626 1742 745 1832 quidl
769 1742 850 1806 baec
878 1744 947 1809 iura
972 1742 1100 1825 civilia,
1127 1768 1211 1836 quae

212 1852 276 1943 iarn
306 1845 437 1939 pridem
466 1847 501 1914 in
529 1865 639 1913 nostra
662 1846 782 1913 familia
810 1849 880 1913 sine
910 1847 977 1915 ulla
1004 1848 1210 1942 eloquentiae

211 1953 305 2019 laude
331 1970 519 2037 versantur,
550 1977 629 2019 num
655 1970 707 2018 aut
729 1952 969 2034 inventarum,
998 1974 1051 2021 aut
1068 1957 1210 2041 cognita,

212 2079 266 2126 aut
287 2060 423 2127 omniuo
447 2060 486 2124 ab
508 2077 674 2127 oratorum
692 2082 811 2143 genere
832 2065 986 2128 tractata?
1024 2070 1078 2135 40.
1098 2063 1209 2153 Equi·
1270 2108 1274 2113 -

210 2166 339 2250 demet
361 2167 431 2234 Ser.
456 2161 595 2253 Galbam
617 2166 774 2231 memoria
797 2183 903 2247 teneo,
926 2166 1081 2233 divinum
1094 2166 1208 2235 homi-

209 2296 286 2339 nem
311 2273 348 2361 in
374 2270 534 2354 dicendo,
562 2288 594 2339 et
616 2271 664 2339 Μ.
690 2261 866 2340 Aemilium
889 2273 1081 2357 Porcinam,
1107 2290 1143 2341 ct
1165 2273 1208 2343 C.
1241 2268 1250 2298 ⁵

207 2406 344 2426 m

206 2494 240 2528 eu
259 2468 303 2525 res
320 2471 418 2526 honori
434 2469 591 2525 censoribus
610 2473 688 2541 apud
702 2481 829 2524 senatum
845 2468 917 2538 suit.
951 2474 1063 2526 Gratim
1081 2483 1155 2527 uetur
1175 2484 1205 2529 et
1283 2528 1286 2533 ,

206 2544 379 2612 Sernpronio,
405 2543 497 2613 quiin
516 2542 581 2593 bene
599 2550 694 2610 coepto
709 2550 931 2610 perseverasset,
950 2553 978 2594 et
1000 2544 1128 2608 Claudio,
1155 2545 1206 2616 qur·

192 2633 261 2667 ¹nrm
280 2615 447 2679 impedisset.
481 2610 551 2663 Post
568 2627 714 2662 scissuram
734 2616 838 2663 iterum
859 2615 960 2666 consul
981 2611 1122 2666 lactusest
1134 2614 1204 2669 uU.
1253 2646 1256 2651 ·

208 2681 354 2746 591(163).
391 2678 448 2734 Clr.
462 2677 519 2732 Cic.
531 2681 640 2732 laverat.
654 2679 726 2732 1.3o.
740 2682 782 2744 48,
800 2680 899 2733 Diria.
915 2682 939 2734 1.
960 2682 1053 2737 asso.
1089 2682 1124 2735 ln
1142 2701 1205 2737 tna-
1270 2673 1276 2689 '

206 2755 345 2805 trimonio
362 2747 485 2801 habebat
501 2746 676 2813 Corneliam,
709 2747 841 2802 Africani
858 2756 974 2805 maioris
992 2750 1081 2804 liliam
1105 2755 1205 2816 (uritis

204 2821 323 2884 armis),
351 2834 390 2872 ex
408 2834 464 2884 qua
487 2820 545 2869 nati
563 2829 630 2870 sunt
647 2819 694 2874 Ti.
712 2831 740 2870 et
759 2817 788 2872 C.
808 2817 971 2888 Sempronii
989 2819 1130 2886 Gracchi,
1149 2827 1203 2891 qul

205 2889 292 2943 tribb.
303 2888 341 2957 pl.
352 2891 470 2955 agrariis
489 2883 603 2953 legibus
621 2887 824 2957 rempublicam
841 2889 1003 2943 turbarunt.
1039 2890 1202 2948 VitleVell.

204 2960 315 3015 Patere.
332 2957 370 3014 11.
389 2975 405 3009 2
424 2970 477 3024 sqq
495 2956 509 3016 ς’
528 2954 579 3007 elr.
599 2955 682 3010 Beier
703 2958 738 3011 ad
762 2957 799 3014 tt.
816 2953 874 3023 ott.
894 2978 939 3023 μ.
956 2960 990 3012 45
1009 2980 1038 3030 p.
1059 2962 1093 3027 84
1112 2978 1154 3031 sq.
1171 2975 1203 3019 et
1293 3006 1301 3021 ,

204 3031 248 3100 25,
266 3029 302 3084 80
321 3047 351 3098 p.
371 3027 421 3078 155
439 3040 481 3094 sq.
502 3023 616 3078 Ellendt
636 3029 766 3096 prolegg.
787 3044 815 3094 p.
832 3028 980 3081 XXXVII
997 3047 1058 3099 sqq.

274 3101 324 3152 sed
348 3095 432 3167 nuta]
470 3093 518 3147 Sic
529 3094 619 3147 Hatu.
639 3108 740 3164 uterq„
758 3096 920 3164 Dresdens„
938 3119 957 3152 e
974 3111 1003 3151 et
1023 3099 1089 3158 lori.
1106 3100 1202 3161 Habn.

202 3183 232 3225 et
251 3174 295 3222 sic·
310 3169 401 3237 vulgo
429 3175 494 3235 post
518 3163 586 3218 Ald.
605 3176 634 3219 et
649 3168 728 3229 lunt.
745 3194 781 3206 -
798 3169 847 3219 aed
865 3170 940 3220 nuda
966 3166 1097 3238 plerique
1118 3172 1201 3231 codd.

195 3253 232 3292 at
256 3238 319 3293 edd.
349 3240 513 3306 antiquiss,
539 3234 615 3287 uttde
640 3235 765 3289 Bcckius
785 3240 861 3289 corti.
878 3240 967 3305 nude,
994 3241 1070 3307 quod
1091 3247 1200 3311 reecpit

201 3309 377 3370 Muellerum
407 3306 457 3359 sed
485 3304 552 3359 uide
570 3300 660 3359 Orell.
677 3334 711 3346 -
729 3301 815 3374 Quod
842 3306 873 3361 h.
891 3308 911 3360 l.
936 3306 1036 3361 Cicero
1055 3328 1107 3379 per
1128 3309 1210 3365 Sen-¹
1253 3328 1258 3333 ·

92 3400 96 3408 ·
203 3379 275 3430 role
294 3394 444 3446 personam
460 3376 546 3439 dicit,
572 3376 617 3430 Ti.
639 3376 799 3430 Gracchum
818 3389 926 3446 patrem
952 3395 1010 3431 nou
1029 3377 1118 3433 luisse
1137 3382 1202 3435 elo-
1291 3382 1294 3387 ’

203 3458 352 3514 quantem,
379 3448 461 3500 aliter
488 3448 549 3514 ipse
568 3445 675 3500 iudicat
693 3446 774 3499 Brut.
795 3466 839 3523 20.
859 3467 910 3520 79:
937 3468 1016 3520 quem
1035 3450 1120 3501 civem
1138 3469 1200 3503 cum
1287 3472 1293 3479 ·

171 3542 178 3547 -
202 3533 317 3584 gravem
344 3526 403 3569 tum
420 3516 590 3585 eloquentem
608 3525 718 3569 constat
732 3515 839 3583 fuisse.
880 3519 938 3574 Sed
954 3519 984 3575 h.
1001 3518 1020 3570 l.
1042 3522 1200 3586 opponitur

202 3578 281 3644 filtra,
302 3588 351 3650 qui
371 3586 533 3653 eloquentia
552 3590 647 3637 omnia
672 3585 861 3653 perfecerunt.
941 3586 944 3596 “
1180 3634 1183 3639 .

273 3651 340 3720 Cap.
356 3653 402 3705 X.
432 3654 514 3723 §.bn
565 3672 675 3725 mosque
699 3657 848 3722 rariorum]
899 3653 948 3708 Sic
973 3655 1067 3709 Horu.
1098 3667 1199 3727 uterq,

202 3720 300 3805 (laeli.
318 3720 359 3786 Β,
381 3720 421 3786 C,
444 3721 522 3789 Alit,
544 3720 816 3792 tunt.,Sch.„0r.
835 3725 951 3793 Vulgo:
978 3741 1118 3797 moresque
1136 3747 1199 3782 ma-

202 3809 352 3928 mmillae.
389 3862 447 3913 Ser.
466 3862 585 3915 Galbam
603 3859 668 3933 etc]
715 3864 829 3916 Servius
846 3862 987 3932 Sulpicius
1002 3852 1098 3919 'Galba
1124 3884 1199 3936 prae.
1260 3902 1265 3909 .
1300 3862 1303 3871 '

199 3917 246 3984 toi
264 3945 290 3987 a.
308 3930 342 3984 U.
361 3929 413 3982 603
432 3931 524 3999 (151),
551 3936 652 3988 consul
670 3951 695 3989 s.
713 3933 745 3991 U.
767 3932 819 3985 610
837 3934 914 4002 (144)
934 3951 1001 3989 cum
1024 3933 1056 3987 l..
1074 3935 1197 3990 Aurelio
1283 3942 1303 3987 ἶ·

201 4000 293 4057 Cotte.
334 3999 430 4086 Plura.
450 4017 480 4058 r.
502 4000 569 4058 inlr.
588 4004 623 4058 au
641 4021 666 4062 e.
685 4005 728 4064 53.
765 4004 813 4073 ,De
840 4009 904 4060 eius
931 4006 1095 4076 eloquentia
1114 4005 1197 4061 Brut.
1283 4062 1290 4095 ἶ
