2618 4440
224 283 289 353 aso
364 304 369 317 ·
451 276 850 359 -.··;<.crceuours
906 374 913 385 .

160 442 163 457 Ι
223 454 356 541 facetius
367 464 502 559 idictnm
524 467 691 539 videretur
698 516 721 557 ‚·
743 474 835 567 quod
856 500 926 545 non
948 486 1142 572 provocatus¹
1155 505 1225 550 ·re-

117 582 120 588 ’
223 575 407 669 sponderits
462 579 541 645 Erat
573 585 681 644 autem
710 590 798 647 tanta
829 586 969 668 gratitm
998 588 1034 652 in
1065 589 1224 672 Domitio,

188 722 196 767 χ
224 683 591 766 innumerositatem,
615 683 706 775 quod
725 705 806 754 esset
829 689 870 755 uh
893 715 933 757 co
958 691 1122 760 obiectum
1131 743 1152 776 ,-
1172 691 1225 759 le-

224 813 309 882 pore
329 789 429 875 mugit
452 785 645 871 eletundum
666 806 765 882 quam
786 797 995 864 contentione
1008 797 1225 884 frangendum

222 895 399 965 ridereturt
698 972 700 979 ,
865 956 869 963 .
990 968 995 973 ,
1116 888 1222 969 '.''

199 994 246 1077 ’,;
309 1000 511 1081 lami-231.
536 1036 539 1041 ·
560 994 854 1095 Tum-Sulpicius,
887 990 979 1093 Quid
1009 1009 1132 1092 igitur?
1167 1009 1224 1075 in·

222 1110 306 1201 quit,
330 1107 501 1204 ¹patiemur·
522 1109 703 1191 Caesarem,
722 1110 790 1200 qui,
816 1133 1012 1203 quamquam
1034 1116 1151 1180 Crasso
1171 1113 1224 1180 fa-

107 1253 109 1263 ·
193 1218 195 1221 ’
221 1215 320 1283 cetius
329 1212 507 1297 concedit,
524 1231 631 1303 tamen
652 1211 757 1294 multo
776 1215 876 1283 in'eo
899 1210 1006 1284 studio
1025 1219 1127 1303 inagis
1150 1219 1223 1308 ipso

218 1304 389 1403 elaborat,
416 1320 485 1386 riou
517 1316 682 1412 erplica're
708 1319 808 1409 nuliis
832 1336 935 1387 toturn
958 1344 1057 1405 genus
1080 1321 1223 1390 hocssin·

186 1474 190 1479 -
223 1424 337 1506 candi,
366 1422 461 1518 qualo
489 1424 531 1490 sit
558 1442 590 1490 et
614 1422 709 1491 unde.
724 1423 892 1517 ducatur,
907 1427 1095 1515 praesertim
1122 1451 1224 1518 quum

224 1527 352 1601 tantam‘
367 1534 436 1599 vim
465 1530 686 1599 et’utilitatem
706 1527 780 1597 salis
807 1538 840 1598 et
865 1529 1053 1601 urbnritatis
1084 1556 1152 1598 esse
1172 1532 1223 1600 ta·
1296 1618 1300 1625 Ι

188 1694 192 1700 .
222 1639 353 1714 torturi
389 1648 393 1659 ’
512 1648 516 1653 ·
596 1644 600 1651 ’
843 1684 846 1689 -
1290 1716 1296 1727 κ

226 1758 233 1813 1
312 1738 405 1830 Quid
425 1741 464 1823 si,
489 1740 596 1832 inquit
618 1736 731 1825 Iulius,
750 1740 908 1808 assentior
927 1745 1074 1811 Antonio
1098 1741 1223 1813 dicenti
1301 1774 1305 1785 ·

185 1892 188 1897 -
219 1845 346 1916 nnllam
363 1870 431 1912 esse
452 1856 553 1912 artem
574 1842 673 1917 salis?
777 1854 788 1872 ‘
896 1902 900 1911 .
963 1880 967 1887 ·

225 2003 232 2012 .
304 1966 378 2030 232.
426 1951 489 2018 Hic
505 1960 606 2043 quum
620 1950 788 2046 Sulpicius
801 1953 988 2039 reticuisset,
1002 1954 1116 2047 'Quasi
1131 1979 1220 2038 vero,

220 2061 328 2151 inquit
350 2062 493 2143 Crassus,
514 2056 636 2149 horum
655 2061 820 2152 ipsorum,
832 2091 836 2098 ¹
849 2058 891 2127 de
912 2061 1034 2154 quibus
1058 2062 1220 2131 Antonius

121 2186 124 2193 '
221 2167 343 2254 iamdiu
373 2164 620 2258 loquitu1·,⁴ars
643 2162 718 2232 ulla·
742 2166 793 2233 siu
837 2153 1041 2235 ¹Observ'atio
1065 2167 1220 2259 quaedam
1294 2222 1297 2227 ⁴

221 2292 279 2357 est,
302 2291 337 2342 ut
360 2274 430 2366 ipse
451 2272 547 2355 diuit,¹
561 2286 822 2355 earumrerum,
847 2275 979 2365 quaein
1000 2273 1139 2341 diceudo
1162 2297 1221 2339 va-

221 2377 310 2474 lent3
333 2378 415 2473 quae
438 2381 465 2445 si
488 2376 675 2471 eloquentes
696 2378 800 2443 iacere
820 2396 940 2470 posset,
963 2382 1037 2470 quis
1050 2397 1134 2459 esset
1152 2404 1222 2446 non

222 2488 402 2579 eloquens?
439 2483 523 2575 Quis
547 2487 635 2549 enim
657 2484 736 2548 haec
759 2507 827 2589 non
855 2480 909 2548 vel
931 2481 1025 2561 facile
1057 2482 1110 2550 vel
1135 2503 1222 2550 certe

222 2589 335 2683 aliquo
365 2588 465 2657 modo
488 2606 597 2680 posset
623 2586 791 2655 ediscere?
823 2586 890 2655 Sed
911 2610 971 2671 ego
995 2590 1030 2652 in
1047 2586 1099 2681 his
1121 2612 1222 2676 prae-

222 2685 324 2787 ceptis
345 2693 429 2758 hanc
449 2695 517 2759 vitu
538 2710 571 2758 et
590 2692 674 2757 hanc
694 2688 864 2793 utilitatem
885 2716 952 2758 esse
976 2693 1127 2775 arbitror,
1150 2717 1220 2760 non

221 2820 259 2869 ut
278 2798 319 2866 ad
334 2796 576 2891 reperiendum,
599 2790 680 2890 quid
703 2797 856 2879 dicamus,
879 2816 946 2877 arte
970 2796 1135 2881 ducamur,
1161 2799 1219 2867 sed

221 2894 261 2975 ut'
280 2891 343 2989 ea,
358 2927 438 2996 qnae
466 2921 597 2989 natura,
629 2924 711 2995 quiae
732 2902 856 2999 studio,
890 2902 971 2996 quae
993 2907 1220 2975 exercitatione

224 3013 471 3119 consequimur,
509 3028 562 3079 aut
590 3027 678 3077 recta
708 3034 775 3077 esse
806 3009 1004 3079 confidamus
1036 3026 1090 3097 aut
1119 3035 1220 3104 prava

295 3196 319 3263 5.
337 3195 414 3247 230.·
434 3194 464 3244 in
488 3187 621 3258 Domitio]
665 3191 712 3244 Cn.
730 3189 871 3244 Domitius
896 3188 1105 3244 Ahenobarbus.
1120 3193 1221 3243 intri-

221 3266 332 3322 bunutu
350 3266 391 3333 pt.
408 3280 434 3316 11.
452 3260 487 3314 U.
507 3260 555 3315 651
574 3260 653 3326 (103)
672 3259 856 3329 pontificibus
876 3258 1020 3325 offensior,
1040 3261 1116 3329 quod
1131 3261 1221 3313 alium

223 3353 310 3407 quam
328 3351 358 3388 se
377 3337 408 3385 iu
425 3333 574 3400 patrissui
592 3331 688 3395 locutu
707 3340 896 3399 cooptassent,
914 3332 1006 3399 legem
1024 3332 1102 3394 tulit,
1119 3339 1151 3380 ut
1168 3347 1221 3381 sa.

224 3409 362 3467 cardeles,
386 3418 459 3470 quos
480 3411 563 3452 antea
589 3401 706 3467 college
737 3398 922 3470 coeptabant,
942 3420 979 3472 po
1000 3401 1064 3452 ulus
1092 3408 1219 3458 crotuet,⁸

194 3518 198 3529 .
223 3477 283 3532 uid.
300 3474 376 3529 Veli.
396 3471 507 3524 Patere·
532 3469 569 3522 11.
592 3487 634 3533 12,
659 3470 777 3523 Sueten.
793 3471 871 3524 Nero
891 3484 923 3533 23
949 3488 965 3523 e
993 3469 1075 3527 ,Ciu
1093 3469 1164 3536 Agr.
1178 3467 1222 3529 ll.

225 3565 250 3616 7.
273 3545 314 3608 18,
340 3543 406 3595 Eun.
425 3539 486 3593 lud.
510 3540 586 3607 legg.
613 3540 632 3594 1.
654 3541 790 3595 Domitia.
824 3538 1009 3592 Consulatum
1034 3544 1123 3605 gessit
1140 3556 1165 3591 a.
1185 3536 1221 3590 tJ.

226 3616 277 3669 658
296 3613 355 3684 (96)
381 3627 446 3663 cum
466 3606 496 3664 C.
515 3606 610 3662 Cassio
636 3608 778 3677 Longino.
801 3607 928 3670 Wotaol
947 3619 1032 3674 atque
1050 3607 1165 3661 Ellendt
1185 3606 1222 3659 ad

225 3682 308 3735 Brut.
327 3681 369 3734 45.
398 3680 482 3733 1651
502 3674 642 3731 Suetonio
669 3683 701 3732 in
725 3693 848 3731 errorem
874 3678 985 3729 inducti
1005 3677 1074 3729 huic
1090 3678 1223 3762 Domitio

168 3822 173 3827 ·
209 3766 358 3875 'ittet
376 3744 1134 3885 ttt‘tut’z·t:ll:tltut²²stltff‘slltll
1150 3744 1222 3867 252¹:

225 3890 313 3943 tionis
331 3897 416 3952 utque
435 3890 555 3952 lugenti,
580 3902 751 3954 quamquam
768 3901 827 3939 uon
845 3883 983 3938 fueritin
1003 3897 1147 3939 oratorum
1165 3901 1221 3937 uu-

224 3974 313 4018 mero.
331 3953 431 4011 Cicero
446 3955 651 4012 iudicatBrut.
668 3958 689 4009 l.
707 3973 736 4009 c..

294 4023 362 4098 Cup.
380 4020 469 4080 LVII.
485 4024 509 4093 §.
529 4026 590 4081 232·
625 4036 657 4081 ut
674 4026 733 4098 ipse
751 4018 834 4095 dixit]
877 4022 953 4089 Vide
970 4025 1006 4079 ll.
1025 4025 1049 4077 8.
1069 4025 1112 4081 52.
1217 4075 1221 4080 .
