2618 4440
147 290 191 364 96
348 228 375 311 Ἰ
526 284 760 357 CICERONIS

112 564 115 569 .
150 496 297 572 putetur,
328 497 416 547 utet
440 480 562 572 ipsum,
595 482 684 573 quod
707 500 774 550 crat
794 466 1146 578 hominislpro'pjium

148 605 374 679 neuportum
397 608 555 675 pennos,
590 589 648 655 sed
678 590 831 658 divinitus
857 591 897 659 ad
921 616 981 659 nos
1002 591 1145 658 delatum

62 720 64 725 ·
136 693 331 773 'videretur3
355 690 473 756 deinde
495 695 551 783 qui
567 697 679 785 possit,
703 720 769 762 non
791 713 855 762 tom
869 698 1021 781 caduceo,
1044 716 1165 788 quam„

147 796 438 875 nominclotutoris
460 816 600 879 ornatus,
626 799 799 864 incolumis
824 798 876 864 vel
896 804 981 867 iuter
1000 802 1146 870 hostium

147 903 211 971 tela
230 900 368 982 versari3
392 917 460 965 tum
479 903 536 991 qui
554 900 657 966 seclus
673 901 883 990 fraudemque
899 911 1043 974 nocentis
1061 932 1145 1000 pos-

146 1011 188 1075 sit
213 1003 353 1071 dicendo
377 1005 536 1073 subiicere
559 1005 638 1074 odio
667 1006 786 1071 civium
801 1003 1035 1098 ¹supplicioque
1058 1030 1145 1080 con.·

146 1109 493 1202 st1·ingerc,'idcmque
517 1113 639 1197 ingenii
662 1110 824 1202 praesidio
849 1113 1065 1180 innocentiam
1088 1121 1147 1184 iu-
1205 1096 1215 1113 ’

146 1220 307 1289 diciorum
325 1236 436 1311 'poena
457 1216 607 1301 liberare,
630 1216 781 1307 idemque
801 1212 1005 1309 languentem
1025 1217 1146 1307 luiten-

144 1323 453 1423 tcmquc'populum
477 1342 530 1391 aut
552 1321 594 1388 ad
608 1322 706 1387 decus
725 1321 872 1405 excitare,
895 1338 947 1387 out
968 1322 1015 1412 ab.
1027 1346 1145 1391 errore

144 1436 314 1518 deducere,
344 1452 396 1521 out
416 1432 616 1520 inflammare
639 1429 675 1491 in
696 1425 876 1515 improbos,
899 1436 952 1491 aut
975 1429 1147 1517 incitatum

143 1545 180 1606 in
200 1544 305 1607 bonos
322 1542 490 1620 mitignre3
510 1537 567 1624 qui
588 1533 738 1620 denique,
763 1551 990 1619 quemcunque
1013 1530 1048 1596 in
1069 1535 1146 1599 eni-

144 1642 207 1709 mis
229 1644 401 1707 hominum
421 1656 545 1702 motum
565 1659 617 1698 res
641 1650 672 1697 et
700 1656 791 1696 cause
811 1633 964 1723 postulet,
989 1658 1063 1701 eum
1086 1636 1144 1703 dl-

146 1744 251 1809 ccndo
270 1741 321 1806 vcl
336 1740 472 1802 excitare
486 1738 588 1825 possit
605 1732 659 1801 vel
672 1736 794 1801 sedare.
838 1741 1024 1814 203.'Han0
1036 1747 1102 1809 vim
1114 1749 1144 1812 εἰ

148 1848 220 1938 quis
245 1845 401 1908 existimat
416 1857 467 1905 aut
481 1840 520 1903 ab
541 1840 591 1921 iis,
622 1840 679 1929 qui
700 1839 740 1904 de
754 1839 889 1943 'dicendi
909 1849 1034 1913 ratione
1056 1851 1146 1916 scri·

146 1966 291 2044 pserunt,
329 1946 504 2037 expositum
524 1968 608 2028 esse,
630 1962 681 2010 aut
703 1970 720 2010 a
742 1970 794 2013 me
816 1970 918 2037 posse·
936 1955 1055 2044 exponi
1076 1962 1146 2025 tam

146 2055 257 2136 brevi,
294 2053 501 2119 vehementer
528 2068 629 2130 erret,
668 2075 774 2142 neque
805 2053 911 2120 solum
941 2059 1148 2131 inscientiam

147 2185 263 2240 meam,
286 2157 342 2225 sed
360 2182 400 2223 ne
420 2182 530 2243 nerum
551 2155 683 2248 quidem
700 2159 953 2242 magnitudinem
973 2146 1145 2258 perspicit.
1212 2218 1216 2225 .

146 2266 311 2359 Equidem
333 2266 442 2345 vobis,
473 2265 627 2355 quonium
650 2264 694 2329 ita
714 2262 889 2347 'voluistis,
914 2266 1029 2351 sontes,
1055 2272 1146 2340 unde

144 2374 334 2456 ltauriretis,
367 2388 461 2462 etque
484 2371 599 2436 itinera
622 2371 691 2460 ipsa
714 2370 757 2435 ita
780 2368 889 2461 putavi
912 2374 978 2439 csse
1000 2375 1146 2445 demon-
1178 2420 1187 2427 -

143 2479 290 2562 stranda,
330 2498 398 2543 non
421 2494 456 2542 ut
488 2477 558 2566 ipse
581 2473 646 2540 dux
669 2499 771 2541 essem
802 2477 906 2568 (quod
926 2496 958 2544 et
978 2481 1147 2554 infinitum

144 2605 191 2651 est
213 2602 244 2650 et
265 2608 333 2649 non
354 2579 594 2667 necessarium),
620 2580 676 2646 sed
699 2599 743 2663 ut⁴
757 2600 1053 2655 commonstrarem¹
1066 2605 1150 2656 tan-'

145 2709 214 2777 tum
238 2690 325 2755 via'm
345 2704 387 2771 et,
410 2704 446 2753 ut
468 2686 541 2752 fieri
560 2683 655 2770 solet,
682 2678 823 2774 ¹digitum
842 2686 1008 2760 edfoutes
1021 2694 1160 2781 linteum

145 2795 268 2860 desem.
729 2808 731 2813 ’

144 2918 282 2933 —

43 3007 46 3013 ·
144 2985 218 3025 teras
236 2971 302 3026 VV.
316 2968 384 3025 'Du
404 2976 583 3026 coiuncturas
602 2973 728 3044 videap.
749 2971 902 3044 Orellium,
926 2976 1033 3049 quibus
1052 2980 1143 3053 longe

142 3053 253 3111 proestut
271 3041 411 3108 Madvigii
430 3048 520 3096 coni-2
540 3054 633 3096 tamen
644 3044 779 3097 inuenisse
792 3048 857 3098 deus
869 3054 1001 3117 putetur,
1021 3068 1076 3119 quo
1091 3052 1144 3107 ud·¹

142 3117 233 3171 missa.
252 3112 552 3180 cuius'explicundutu
566 3120 620 3167 sit:
639 3130 738 3186 quam,
760 3135 841 3186 quum
860 3121 927 3172 eius.
962 3120 1037 3173 Vide
1056 3121 1144 3177 Med-

78 3184 80 3189 ’
142 3186 216 3248 vigit
234 3182 287 3251 Ep.
308 3178 413 3241 edOr.
431 3200 460 3252 p.
488 3185 537 3236 106
556 3202 598 3253 sq.
616 3196 644 3237 ct
661 3184 737 3239 Add.
762 3211 797 3225 —
821 3187 900 3240 Deus
922 3192 973 3243 illc
999 3203 1042 3243 est
1060 3192 1143 3247 Mer-

142 3268 249 3305 curius.
346 3269 350 3277 ·

214 3333 246 3372 ut
260 3332 289 3374 et
307 3321 409 3393 ipsum]
447 3329 476 3374 et
493 3338 549 3375 ont.
568 3322 612 3377 ed.
632 3342 654 3383 s.
673 3326 694 3379 l.
713 3336 741 3378 et
758 3342 783 3377 e.
802 3335 830 3377 et
850 3324 928 3379 Med.
946 3342 1039 3398 utroq.
1053 3359 1089 3372 -
1108 3344 1145 3387 ut

143 3395 173 3444 id
197 3395 287 3460 ipsum
312 3393 545 3460 exiteusngert
572 3396 770 3450 emendatione
796 3396 886 3449 edidit
910 3396 987 3466 Sch„
1017 3400 1157 3462 sortasse.

143 3469 259 3516 rectius.
612 3482 615 3488 ·

218 3551 271 3583 non
291 3543 349 3583 tam
369 3531 498 3600 caduceo]
532 3531 695 3586 Coduceum
713 3534 900 3604 preferebant
911 3539 997 3605 legati
1016 3543 1064 3594 de'
1089 3560 1141 3599 ece
1183 3570 1188 3575 ·

146 3606 232 3663 missi,
250 3607 299 3668 qui
311 3602 378 3653 iude
394 3602 463 3653 di'cti
477 3615 544 3653 suut
557 3607 760 3657 caduceatores.
796 3604 857 3657 le.
877 3607 955 3662 Vlll.
975 3628 1018 3675 20,
1032 3558 1140 3674 XKIV.

144 3672 194 3730 453
214 3670 264 3721 cle.
284 3669 366 3722 Corn.
381 3671 453 3737 Nep.
472 3669 596 3726 Heuutb.
617 3672 747 3740 11,Gett.
766 3675 805 3726 X.
826 3690 867 3744 27.

217 3740 390 3807 languentem
408 3739 610 3812 labentemque]
648 3745 724 3814 lang,
738 3745 932 3818 labantemque
943 3747 1047 3814 Lanu..
1059 3748 1140 3818 Seu..

141 3807 274 3870 Mueller,
292 3804 374 3861 Olsh.
409 3808 464 3861 Sed
485 3811 549 3863 vide
570 3808 662 3865 Orcll.
1058 3823 1063 3838 '
1105 3836 1139 3871 x:

213 3879 237 3946 ᾗ.
256 3877 317 3928 203.
352 3889 383 3929 ut
396 3880 465 3946 fieri
482 3882 561 3950 solet]
599 3878 636 3937 H.
655 3898 679 3936 e.
702 3894 734 3936 ut
751 3902 812 3939 mos
828 3892 869 3938 est
887 3904 994 3955 coeunt,
1016 3892 1065 3955 qul
1082 3888 1138 3943 ull·
1196 3928 1217 3951 a

141 3952 190 4000 cui
208 3957 282 3999 utam
300 3960 472 4014 monstrant,
498 3963 530 4003 ut
549 3969 615 4006 eum
635 3970 692 4005 uon
718 3954 752 4006 od
780 3960 873 4023 ipsunt
898 3960 992 4012 locum
1021 3961 1136 4027 ditonus,

138 4018 189 4091 sed
214 4019 387 4088 plerumq-ue
412 4024 607 4079 tantummodo
635 4024 761 4095 digitum¹
785 4026 819 4079 ed
851 4029 949 4082 locum
977 4028 1136 4089 intendunt.
