2618 4440
205 319 271 391 100
395 294 401 307 ’
477 342 480 347 -
576 298 818 374 CICERONIS

142 480 146 487 ’
203 494 312 566 halem
321 513 415 592 atque
426 499 495 565 eius
507 500 633 585 generis
642 483 792 567 homines
800 498 1020 581 nominarem.
1056 507 1131 575 211.
1146 501 1211 587 §in
1271 508 1274 513 '

204 625 311 673 autem
333 624 568 696 quaereremus,
592 607 666 696 quis
689 622 774 671 esset
797 605 836 686 is,
862 605 919 695 qui
941 602 982 669 ad
1002 627 1073 670 rem
1095 606 1214 694 puhli-
1240 654 1244 661 .

205 733 276 779 cam
298 709 644 803 moderandamusnrn
668 729 700 777 ct
720 710 886 776 scientiam
905 727 938 774 ct
960 708 1102 783 studium
1115 716 1217 793 auum]

205 815 413 898 contulisset,
442 815 613 882 definirem
630 815 696 883 hoe
717 816 836 882 modo:
869 817 945 904 qui,
970 815 1089 906 quihus
1111 816 1211 883 rebus

204 921 324 990 utilitas
340 914 403 987 'rei
430 912 580 1012 publicae
604 939 772 1014 pararetur
802 937 1057 1010 urgereturque,
1084 937 1213 988 teneret

204 1031 311 1122 iisque
334 1044 489 1107 uteretur,
510 1025 598 1113 hune
617 1028 670 1112 rei
685 1022 836 1119 publicae
857 1043 1020 1091 rectorem
1039 1041 1072 1091 et
1096 1027 1212 1092 eonsi-

204 1126 242 1204 lii
267 1131 392 1227 publici
416 1128 581 1198 auctorem
600 1156 669 1200 ease
685 1130 893 1212 habendum3
919 1128 1210 1223 praedicaremque

144 1318 146 1322 ¹
204 1244 243 1308 P.
262 1228 445 1320 Lenlulum,
470 1240 656 1330 principem
678 1234 782 1318 illum,
802 1255 835 1302 et
858 1238 914 1304 Ti.
941 1235 1127 1303 Gracchum
1144 1261 1215 1329 pta-2
1274 1234 1277 1239 ’

166 1342 173 1359 ’
203 1366 287 1414 trem
308 1344 407 1432 et'Q.
431 1338 601 1409 Metellum
623 1359 655 1407 et
677 1342 714 1407 P.
736 1338 926 1407 Africanum
948 1359 980 1407 et
1000 1342 1039 1408 C.
1060 1342 1211 1425 Laelium

159 1530 163 1547 Ι
203 1471 236 1519 et
255 1444 508 1517 innumerabiles
537 1448 619 1515 alios
642 1465 713 1514 tum
736 1471 775 1513 ex
798 1465 909 1513 nostra
933 1449 1060 1514 civitate
1080 1465 1149 1515 tum
1169 1474 1213 1516 ex

202 1560 330 1625 ceteris.
375 1568 450 1629 212·
468 1555 531 1622 Sin
554 1570 660 1618 antam
683 1570 913 1642 quaereretur,
937 1557 1087 1644 quisnam
1106 1555 1211 1621 iuris-

202 1659 366 1732 consultus
386 1680 462 1722 vcre
485 1654 717 1740 nominaretur,
739 1680 813 1725 eum
839 1656 992 1740 dicerem,
1015 1660 1073 1750 qui
1090 1657 1209 1759 ⁸legum

203 1785 236 1833 ct
260 1756 501 1831 consuetudinis
525 1763 611 1844 eins,
640 1786 704 1854 qna
726 1763 846 1854 privati
867 1764 903 1827 in
920 1758 1047 1832 civitate
1068 1783 1209 1832 nteren-
1255 1820 1260 1826 .

203 1890 268 1957 tur,
293 1886 326 1934 et
346 1866 388 1932 ad
408 1864 673 1959 respondendum
694 1886 728 1936 et
746 1867 787 1935 ad
802 1867 1016 1957 agendum-et
1029 1868 1069 1938 ad
1085 1892 1210 1940 eaven-
1247 1948 1251 1957 1

204 2061 340 2083 w

204 2191 271 2227 nam
289 2169 325 2224 ab
343 2161 504 2223 Hannibale
521 2162 716 2237 laheiactntatn
733 2170 874 2236 restituit,
891 2168 1107 2239 Epaminondas,
1123 2166 1210 2225 The·

201 2245 359 2319 banorum,
385 2252 414 2293 et
431 2236 595 2310 Hannibal,
620 2242 784 2296 Poenorum
803 2236 878 2304 dux,
904 2238 951 2293 vel
976 2237 1118 2295 tironibus
1141 2242 1210 2298 troii

200 2325 276 2370 stunt·
679 2342 682 2349 ’

271 2383 291 2450 l.
311 2393 370 2435 211.
406 2383 443 2433 P.
461 2379 614 2435 Lmtulum,
627 2379 695 2445 ete]
740 2382 778 2431 P.
796 2380 936 2433 Cornelius
953 2380 1105 2444 Lentulus,
1123 2384 1208 2451 prin·

200 2430 976 2577 aarunturatrurn”aian{a
990 2467 1062 2571 aa
1078 2446 1208 2576 latu

200 2613 229 2662 p.
250 2594 310 2654 8ι),
342 2605 407 2657 curu
432 2588 464 2639 L.
483 2583 601 2653 Opimio
626 2587 746 2638 consule
773 2584 802 2638 C.
831 2586 990 2642 Gracchum
1016 2600 1139 2645 armatus
1170 2594 1206 2643 in

200 2663 379 2717 Aventinum
398 2666 565 2723 persecutus
585 2667 627 2707 est
647 2666 731 2722 atqoe
749 2658 781 2719 in
797 2650 853 2709 hoe
871 2661 983 2726 proelio
998 2654 1205 2726 gravetulnut
1262 2662 1268 2671 ’

202 2733 320 2796 accepit.
373 2724 431 2789 Cic.
449 2724 578 2792 Philipp.
595 2725 676 2776 VIII.
701 2726 796 2793 414,
820 2725 932 2782 catilin.
953 2729 1004 2780 IV.
1023 2728 1049 2781 6.
1072 2728 1120 2788 153
1148 2725 1205 2784 cir.
1266 2740 1273 2771 -’

200 2800 284 2853 Brut.
304 2797 344 2850 28.
367 2794 431 2859 208,
457 2790 523 2845 niv.
539 2799 570 2845 iu
588 2792 656 2850 caee.
673 2812 715 2847 21.
736 2795 786 2864 69,
815 2795 888 2865 Agr.
907 2797 943 2852 ΙΙ.
964 2799 1007 2849 50.
1026 2798 1069 2849 82.
1095 2819 1132 2837 ···
1157 2793 1206 2850 De

206 2868 315 2922 Tiberio
333 2858 456 2915 Graccho
474 2864 554 2930 patre
573 2856 692 2929 tide-ud
710 2884 735 2937 9.
756 2862 798 2921 38.
815 2888 850 2906 ⁶⁵-
875 2870 907 2937 Q.
925 2868 1053 2919 Caecilius
1068 2865 1205 2920 Metellus
1223 2916 1227 2923 .
1274 2891 1279 2905 ¹

199 2935 404 2995 Macedonicus,
422 2934 524 3000 praetor
542 2948 568 2985 a.
579 2931 611 2986 U.
631 2933 681 2985 606
697 2935 777 3001 (148)
795 2940 826 2988 in
842 2935 1010 2989 Macedonia
1027 2935 1205 2991 Andriscum

198 3028 221 3062 s.
241 3002 537 3072 Pseudophilippum,
561 3007 612 3068 qui
632 3020 661 3054 se
676 3000 789 3068 Persei,
809 3011 885 3074 regis
906 3005 1086 3069 Macedoniae,
1106 3004 1206 3060 filium

198 3077 324 3137 serebat,
352 3076 425 3133 'vicit
447 3071 532 3136 (Veli.
553 3069 662 3128 Patere.
680 3075 701 3126 I.
726 3091 753 3124 11
775 3073 845 3142 ibiq.
864 3077 951 3138 inte).
1005 3071 1111 3127 Consul
1130 3092 1146 3126 a
1165 3075 1205 3129 tJ.

198 3150 245 3200 611
278 3144 353 3211 (143)
370 3156 446 3194 eunt
473 3139 570 3210 Appio
592 3139 711 3209 Claudio
729 3142 864 3209 Pulchro.
918 3144 963 3197 De
982 3148 1044 3213 eius
1062 3143 1204 3198 felicitate

198 3217 263 3270 vide
282 3214 310 3265 V
329 3215 389 3265 Fitr.
411 3210 663 3280 27.82‚'1Tasa.
691 3213 810 3277 issae,
838 3213 919 3269 Brut.
937 3226 980 3266 nr·
1001 3216 1031 3267 81
1061 3225 1089 3266 et
1114 3217 1204 3283 impr.

197 3287 275 3340 Veli.
292 3286 403 3338 Patere.
422 3284 440 3333 l.
460 3296 484 3332 e.
511 3300 546 3321 ··-
572 3284 607 3334 Ρ.
627 3280 786 3351 Africanus
803 3289 886 3351 impr.
905 3286 1003 3336 minat.
1027 3308 1062 3323 -—
1088 3287 1116 3338 0.
1132 3280 1205 3334 Ιίωὲ

197 3360 251 3410 lius
273 3356 389 3422 Sapiens
415 3350 492 3402 belin
513 3349 627 3402 'Punico
654 3358 740 3404 tertio
767 3355 877 3420 legatus
896 3351 1025 3421 Scipioni
1048 3352 1106 3404 suit
1126 3350 1200 3416 (Cio.¹

197 3419 534 3492 1·epl.11.to,Apptan.
556 3419 591 3472 de
616 3420 792 3474 reb.Puulc.
815 3423 894 3486 ηὼς
923 3434 1026 3491 praetor
1043 3440 1068 3475 a.
1084 3422 1118 3478 U.
1145 3421 1201 3492 609
1276 3460 1286 3479 .

197 3494 281 3562 (145)
301 3491 426 3544 Viriathi
444 3490 578 3541 ferociam
598 3488 684 3556 fregit
703 3492 744 3556 (il
763 3487 848 3546 offic.
872 3496 983 3554 11.40‚
1002 3493 1065 3545 Lari.
1090 3492 1133 3544 25.
1152 3492 1202 3559 96,
1275 3510 1281 3517 ·

196 3565 279 3615 Brut.
299 3577 346 3621 21,
372 3562 434 3617 84l3
460 3560 561 3609 consul
587 3576 611 3613 a.
626 3560 661 3612 U.
680 3561 733 3612 614
751 3565 826 3624 (140)
855 3578 920 3614 cum
940 3557 975 3629 Q.
994 3560 1118 3615 Servilio
1137 3559 1202 3613 Cae·-

101 3659 104 3665 ·
197 3636 294 3700 plone.
331 3628 388 3682 Cir.
406 3626 521 3681 Ellendt
539 3629 669 3695 proiegg.
687 3645 716 3697 p.
737 3629 826 3690 XXV
845 3648 907 3698 sqq.

266 3709 323 3750 tum
343 3718 376 3749 ex
393 3698 503 3765 nostra]
549 3693 598 3748 Sic
618 3694 677 3751 Erl.
707 3713 738 3760 1,
766 3697 863 3751 Guelf.
882 3701 921 3765 B,
956 3697 1020 3752 edd.
1038 3702 1200 3769 antiquina,

196 3765 263 3825 Seh.
282 3795 317 3807 —-
332 3767 445 3833 ,Vulgot
464 3786 548 3837 quum
565 3785 599 3816 cx
618 3776 725 3820 nostra.

268 3835 289 3902 §2
310 3853 370 3889 212.
405 3847 432 3888 et
451 3834 491 3886 ad
506 3838 658 3906 agendum]
693 3834 858 3889 Sieomnes
879 3834 960 3895 codd.
978 3849 1006 3890 et
1024 3840 1112 3905 vulgo
1130 3838 1200 3893 edd.
1289 3896 1293 3907 ¹

195 3935 229 3948 -
247 3910 332 3958 etad
350 3905 521 3956 scribendam
539 3922 555 3957 a
574 3912 651 3959 corii.
668 3909 753 3973 Erm,
771 3904 855 3968 Scin,
875 3906 971 3970 Harl,
991 3909 1123 3977 illueller,
1144 3913 1202 3976 qui

194 3975 347 4035 coniciunt
364 3974 421 4027 Cic.
441 3982 493 4042 pro
511 3974 631 4028 Murena
650 3995 676 4045 ‹J-
697 3992 745 4047 r9t
771 3975 909 4031 urbanam
926 3979 1059 4032 militiam
1079 3995 1201 4048 respon·-

183 4045 284 4112 demb',
304 4046 461 4111 scribendi,
483 4048 598 4100 cavendi
616 4071 650 4087 -
669 4056 779 4112 seruiat
795 4056 845 4101 ur
928 4054 937 4069 “
