2618 4440
128 284 193 349 ns
259 298 262 303 ,
328 280 334 301 ·
436 216 441 229 ¹
511 265 752 337 emmonis
839 246 845 257 ’

125 463 292 535 scientiam
306 460 511 555 eloquentiae
525 478 687 554 tamquam
697 457 883 529 ancillulam
893 458 1130 554 pedisequams

91 621 99 629 .
126 592 190 662 que
206 564 392 636 adiunxisti.
860 610 863 621 ·
946 630 952 639 .
1090 635 1093 641 .

214 675 301 743 LVI.
330 688 404 752 237.
457 671 556 763 Quod
580 697 659 741 vero
684 670 920 765 impudentiam
950 672 1129 767 idffliffllffi

124 803 158 847 es
175 805 290 848 eorum
305 796 529 871 patronorum,
550 782 608 872 qui
631 797 696 863 aut,
714 804 816 872 quum
829 803 928 870 parva
949 772 1130 861 nescirem,

124 908 239 970 magna
260 884 511 977 profiterentur,
541 902 592 951 aut
608 909 669 968 ca,
698 908 779 976 quae
803 886 941 951 maxima
960 901 1065 950 esseut
1088 885 1129 950 in

124 990 196 1055 iure
218 988 319 1075 civili,
342 1008 479 1058 tractare
500 990 655 1057 auderent
678 990 714 1055 in
738 992 849 1073 causis,
880 1015 983 1083 quum
1004 1006 1129 1055 eene·¹
1200 1040 1203 1045 -

125 1096 247 1161 scirent
267 1120 497 1190 nunquamque
519 1096 725 1163 didicissent:
759 1095 998 1187 utriusque.1·ei
1019 1093 1127 1175 facilia
1188 1118 1203 1147 ¹·
1273 1174 1277 1181 ,

124 1217 172 1265 cst
194 1218 225 1266 et
246 1221 398 1295 promptu
424 1203 579 1271 defensio.
634 1205 717 1270 Nam
740 1226 846 1293 neque
875 1199 958 1267 illud
973 1218 1034 1267 ‚est
1057 1202 1130 1277 mia
1197 1204 1201 1217 ’

123 1305 277 1391 randum,
308 1311 380 1401 qui,
395 1380 401 1397 .
415 1311 533 1401 quibus
564 1309 672 1376 verbis
693 1309 856 1396 co'c'mptio
884 1306 957 1389 fiat,
991 1307 1127 1391 nesciat,

32 1472 38 1490 ,
123 1411 263 1479 eundum
280 1415 347 1482 eius
365 1413 522 1500 mulieris,
543 1439 624 1507 quae
645 1415 887 1507 oo'e'mptionem
903 1410 1026 1494 fecenit,
1039 1435 1127 1487 ,causa--¹

121 1540 190 1584 sam
211 1545 306 1611 posse
330 1520 524 1606 defendere3
554 1545 625 1604 nec,
653 1523 680 1587 si
702 1519 794 1611 parvi
818 1519 938 1604 navigii
961 1535 992 1585 ct
1015 1518 1126 1601 magni

122 1623 235 1691 eudem
259 1645 306 1693 est
328 1629 362 1692 iu
378 1627 596 1712 'gubernando
608 1626 751 1706 scientia,
773 1623 897 1691 idcirco
913 1625 982 1715 qui,
1004 1624 1129 1715 quibua

122 1730 231 1796 veritis
253 1750 378 1797 erctum
398 1733 477 1797 cieri
499 1749 660 1824 oporteat,
673 1750 676 1757 '
689 1730 820 1813 nesciat,
845 1729 932 1797 idem
953 1732 1126 1813 erciscnqq

123 1830 183 1899 dac
215 1833 354 1903 familiae
385 1860 512 1904 causam
541 1860 635 1922 agero
665 1859 734 1903 non
762 1837 875 1928 possit.
931 1848 1016 1913 238.
1037 1836 1129 1909 Nan

124 1978 262 1999 m

195 2061 262 2132 Cap.
281 2061 356 2117 LVI.
383 2067 406 2134 p.
431 2062 493 2137 237.
538 2043 753 2138 quibueberbie
778 2065 909 2134 coemptio
928 2028 1002 2132 piat]
1038 2062 1125 2119 Uxor

122 2132 202 2201 apud
218 2132 300 2186 Rom.
319 2134 406 2189 fiebat
422 2135 526 2189 semina
546 2135 777 2206 consurrectione,
804 2146 853 2186 aaut
871 2136 1044 2202 coemptione,
1069 2146 1124 2197 aut

123 2206 184 2254 risu.
224 2203 300 2257 Vide
325 2222 387 2273 quae
413 2207 593 2273 collegerunt
618 2200 778 2273 Schneppe
806 2204 887 2256 itam.
915 2204 1141 2271 Rechtsges'otn,
1224 2256 1227 2261 .

124 2273 148 2343 i.
165 2272 217 2325 588
237 2286 266 2325 et
287 2272 412 2330 Creuaer
436 2275 557 2344 Antiqq.
584 2293 613 2344 p.
632 2276 752 2346 93sqq.
771 2275 817 2329 ed.
834 2276 883 2326 ult.
909 2300 944 2312 —
961 2275 1128 2335 Danaam-i

117 2344 212 2411 ptiane
225 2340 314 2397 Gaius
332 2345 355 2396 l.
370 2346 436 2397 113:
456 2347 625 2416 Coemptione
636 2349 665 2398 in
684 2364 795 2397 manum
808 2344 969 2396 conveniunt
982 2342 1123 2425 (lemlnai)
1218 2354 1222 2369 '

115 2430 169 2481 per
187 2416 432 2483 mancipationem,
459 2416 491 2467 id
507 2426 558 2480 est,
574 2434 626 2484 per
644 2417 784 2486 quandam
807 2414 1006 2484 imaginariam
1023 2415 1127 2469 νεπώι
1152 2466 1156 2471 .

119 2484 238 2546 tionem,
265 2485 400 2537 adhibitis
425 2503 479 2536 non
504 2487 594 2536 minus
615 2505 699 2555 qaam
721 2487 840 2555 quinque
858 2484 986 2550 testibus,
1012 2482 1123 2537 civibus

118 2555 252 2617 Rornanis
268 2554 430 2622 puberibus,
452 2555 523 2605 item.
537 2555 698 2620 libripende‚
713 2564 821 2622 praeter
839 2554 979 2605 mulierem
995 2566 1120 2623 eumque,

120 2623 198 2685 cuius
215 2624 246 2674 in
264 2641 376 2675 ananum
397 2625 536 2675 convenit.
571 2620 628 2675 cte.
647 2624 721 2675 Non.
741 2640 804 2678 voc.
821 2624 954 2679 nubentes
971 2622 1050 2682 (ΧΠ.
1071 2624 1122 2686 bo)

119 2684 158 2743 ex
175 2689 314 2744 Varronis
333 2691 398 2744 libr.
416 2693 440 2744 l.
458 2691 493 2743 dc
511 2691 577 2744 Vita
595 2691 626 2746 P.
647 2693 688 2755 R„
714 2686 794 2745 Seri.
815 2693 848 2744 ed
869 2693 952 2759 Virg·
972 2689 1126 2758 Georg.1·,
1168 2702 1173 2710 “

120 2759 152 2811 51
177 2768 206 2809 et
224 2761 289 2816 AEn.
307 2761 358 2812 IV.
380 2761 437 2824 105,
456 2760 557 2814 Isidor.
569 2752 672 2829 Oriigg.
683 2761 720 2812 V.
734 2764 776 2825 24,
795 2759 922 2828 savigny
934 2766 965 2815 in
976 2761 1122 2814 Zeitschr.

119 2826 141 2878 i.
159 2828 257 2893 gesch.
274 2828 454 2884 liechtswiss.
477 2832 511 2884 ΙΙ.
533 2847 560 2897 p.
576 2832 627 2898 387
648 2848 718 2898 sqq,
736 2832 788 2889 Ill.
808 2850 837 2899 p.
854 2832 916 2883 bii.
933 2860 969 2871 -
988 2832 1032 2883 De
1055 2846 1122 2883 ver·
1149 2856 1154 2861 ·
1196 2866 1200 2873 ·

121 2894 176 2959 bis,
195 2896 302 2963 quibus
313 2905 454 2967 coemptio
469 2896 565 2966 fiebat,
583 2898 722 2953 Boethius
735 2912 886 2961 aestiment.
900 2905 929 2952 in
944 2898 1001 2962 Cic.
1016 2900 1122 2967 Topio.
1163 2962 1166 2967 ¹

119 2964 147 3017 5.
168 2968 215 3019 14:
235 2971 371 3037 Coemptia
389 2971 473 3021 certis
492 2970 715 3027 solemnitatibus
726 2971 936 3042 peragebatur,
950 2980 983 3041 ¹et
1009 2988 1066 3021 sesa
1089 2972 1123 3023 im

119 3039 261 3088 coemendo
277 3040 393 3093 invicem
409 3040 624 3109 interrogabant
633 3058 644 3100 ,·
661 3041 706 3091 air
724 3036 789 3092 irai
807 3060 845 3093 an
867 3040 921 3091 sibi
939 3040 1037 3093 mulier
1054 3058 1122 3091 ma-

116 3106 289 3174 terfamilias
307 3128 365 3162 esse
383 3110 476 3165 vellet.
519 3110 579 3162 Illa
598 3109 788 3177 respondebat,
813 3110 892 3163 nelle.
914 3115 1001 3167 ¹Item
1019 3110 1121 3161 mulier

115 3178 322 3247 interrogabat,
340 3199 378 3233 an
396 3181 440 3233 vir
459 3178 514 3245 eibi
532 3179 748 3249 paterfamiliae
772 3200 832 3235 esse
850 3181 943 3233 vellet.
987 3180 1042 3232 Ille
1072 3198 1121 3231 re-

116 3250 278 3316 spondebat,
297 3251 376 3307 velle.
411 3254 514 3320 Itaque
539 3250 639 3301 rnulier
665 3250 721 3302 ¹ciri
747 3250 925 3303 conveniebat
947 3251 977 3301 in
996 3262 1121 3315 mantem,

115 3327 143 3368 et
170 3319 345 3371 vocabantur
364 3321 410 3372 bae
435 3321 544 3389 nuptiae
565 3338 618 3389 per
644 3323 912 3390 coemptionem;,et
933 3329 996 3379 erat
1018 3320 1120 3375 mulier

116 3388 336 3453 materfamilias
354 3391 414 3442 viro
433 3390 490 3441 laco
502 3390 589 3456 filiae.
627 3393 717 3462 Quam
734 3392 937 3445 solemnitatem
952 3390 1056 3447 insuia
1071 3391 1125 3445 in-,

115 3458 227 3508 stitutis
251 3461 389 3528 Ulpianus
408 3461 529 3528 exponit.
697 3461 703 3467 ’
1194 3466 1199 3471 ’

186 3538 291 3579 erctum
311 3531 388 3597 ciera]
425 3529 473 3585 Sic
493 3545 531 3581 ex
548 3526 673 3581 Victorii
693 3527 756 3595 (qui
773 3532 803 3581 in
823 3533 882 3583 suis
900 3526 982 3584 MSS.
1004 3531 1118 3581 invenit

117 3602 221 3646 eratum
239 3599 319 3664 cieri)
339 3599 536 3651 emendatione
550 3597 646 3661 (Vara.
664 3600 740 3649 lectt.
754 3597 884 3651 XXXV.
906 3602 931 3662 t)
948 3600 1037 3664 vulgo
1053 3608 1119 3664 post

118 3658 208 3728 (irat,
233 3678 315 3733 atque
343 3670 378 3721 ad
395 3669 470 3727 hanc
489 3667 600 3722 amend.
626 3667 753 3718 alludere
781 3668 918 3719 dicuntur
939 3669 1022 3721 codd.
1044 3668 1118 3721 Pull.

117 3733 293 3801 et.plerique
313 3733 394 3795 Oxx.
416 3740 487 3799 ,latu
509 3734 582 3788 Lott.
605 3735 724 3787 exhibet
744 3736 868 3799 berctum
886 3740 962 3789 cieri.
974 3772 977 3777 -
991 3767 1026 3776 -
1051 3755 1117 3789 ere-

118 3809 193 3851 ctum
219 3805 286 3856 cieri
305 3807 398 3863 Hahn.
420 3838 455 3849 -
472 3806 661 3859 herciscundae
680 3805 746 3863 cieri
766 3805 839 3858 Ven.
860 3835 894 3845 —
912 3807 1119 3861 herciscimderi
1221 3864 1229 3875 ,

117 3867 196 3924 Meu.
216 3884 306 3941 tutraq.
336 3904 370 3917 -
393 3880 517 3930 heretum
544 3877 628 3929 citum
654 3873 746 3926 llavu.
767 3872 799 3938 B,
826 3877 911 3929 sede
938 3888 1057 3931 correct.
1081 3905 1119 3918 -

117 3941 265 3993 bercisceri
282 3942 359 4008 Ala„
379 3947 464 4012 lunt,
482 3944 565 4013 Crat,
582 3947 618 3997 al.
633 3973 668 3983 -
684 3944 802 3996 bercisci
818 3948 951 3999 nonnulli
970 3947 1051 4001 codd.
1070 3964 1118 4013 ap.

118 4009 226 4077 Lantb„
242 4010 330 4085 Men,
350 4013 449 4087 Steph.
468 4045 503 4058 -
517 4017 617 4070 ¹ercieci
635 4015 703 4069 cieri
721 4012 819 4071 Letnb.
837 4032 853 4069 o
871 4017 953 4072 codd.
975 4045 1010 4058 -
1029 4016 1119 4070 diuidi

1054 4254 1067 4280 ἱ
