2618 4440
166 232 267 368 23'
344 366 367 391 Γ
548 284 782 357 mcnuouts

165 505 257 547 eausa
278 478 453 562 disserant,
485 501 588 571 quum
608 502 814 571 conoessero,
845 474 929 545 illud
952 495 1061 547 tamen
1081 495 1162 548 urai
1224 536 1230 545 .
1301 508 1305 515 ·

166 587 229 654 tori
248 585 390 651 tribuam
409 601 441 651 et
461 583 557 667 dabo,
584 601 621 651 ut
644 584 766 665 eadem,
789 582 831 650 dc
854 582 972 674 quibus
995 581 1045 649 illi
1068 585 1163 653 tenui
1193 670 1196 675 Ι

166 690 309 783 quodam
322 693 539 783 exsanguique
553 713 703 779 sermone
719 689 892 780 disputant,
907 687 963 753 bic
979 712 1054 755 eum
1070 691 1164 775 omni
1193 758 1197 765 ,

165 799 318 883 gravitate
355 812 387 863 et
416 795 611 862 iucunditate
644 791 793 886 explicet.
860 795 949 860 Haec
986 817 1047 879 ego
1086 780 1165 863 enin

166 905 245 995 ipsis
264 898 472 994 pbilosophis
494 918 564 967 tum
582 898 720 985 Athenis
747 898 952 965 disserebam.
1017 900 1166 983 Cogebst

32 1032 42 1047 ·
145 1011 254 1075 .enim
272 1031 337 1078 me⁵
353 1008 402 1075 M.
424 1002 599 1075 Marcellus
622 1005 678 1071 hie
700 1022 827 1087 noster,
857 1005 914 1094 qui
939 1025 1026 1068 nune
1045 1001 1163 1077 aedilis

165 1112 285 1181 eurulis
307 1133 353 1181 est
375 1130 407 1179 et
428 1097 589 1205 prolecto,
617 1113 680 1178 nisi
705 1108 800 1177 ludos
819 1132 906 1175 nunc
926 1110 1055 1192 laceret,
1082 1092 1168 1179 huie
1272 1144 1276 1149 ·
1303 1122 1308 1203 ζ

77 1211 80 1215 ’
165 1238 279 1309 nostro
304 1220 447 1286 sermoni
468 1219 667 1299 interessety
690 1238 728 1281 ao
750 1216 824 1282 ism
851 1230 920 1281 tum
953 1230 1021 1281 erat
1044 1212 1163 1282 adole-

133 1328 137 1343 ‘
164 1323 326 1393 secutulus
347 1325 398 1391 his
420 1323 534 1391 studiis
554 1321 692 1389 mirifice
710 1319 850 1387 deditus.
905 1332 958 1393 58.
989 1320 1057 1387 Iam
1079 1344 1162 1389 vero
1199 1368 1204 1377 .

163 1430 205 1496 de
228 1429 353 1516 legibus
374 1427 588 1511 instituendis,
618 1424 781 1509 debello,
810 1424 852 1492 de
871 1449 962 1515 pace,
986 1424 1028 1491 de
1051 1427 1161 1510 sociis,
1246 1448 1261 1504 j

163 1535 204 1603 de
224 1533 451 1621 vectigalibus,
482 1533 524 1601 dc
547 1536 618 1599 iure
647 1530 739 1601 civili
767 1532 944 1616 generatim
964 1530 999 1594 in
1027 1530 1163 1599 ordines

163 1658 344 1732 aetatesque
375 1641 558 1730 descripto,
594 1637 701 1703 dicant
733 1635 786 1705 vel
810 1636 948 1725 Graeci,
974 1635 1003 1701 si
1013 1648 1022 1665 ·’
1032 1632 1161 1719 volunt,

163 1749 351 1833 Lycurgum
367 1762 420 1810 aut
436 1743 594 1811 Solonem
613 1743 819 1833 (quamquam
834 1739 909 1807 illos
926 1740 1061 1833 quidem
1077 1736 1160 1807 ceti-

162 1873 267 1917 semus
298 1850 334 1913 in
376 1873 513 1919 numero
550 1846 770 1941 eloquentium
810 1845 1032 1939 reponendos)
1061 1846 1164 1935 scisse
1257 1874 1260 1879 ·
1302 1852 1305 1859 '

138 2024 142 2029 ,
163 1952 291 2036 melius,
316 1978 413 2046 quam
429 1953 632 2046 Hyperidem
650 1971 703 2020 aut
715 1953 980 2037 Demosthenem,
998 1946 1161 2044 perlectos

97 2066 102 2079 '
163 2058 228 2125 iam
256 2058 405 2127 homines
439 2061 474 2126 in
505 2059 644 2127 dicendo
676 2077 706 2127 et
732 2057 933 2152 perpolitus:
972 2055 1024 2126 vel
1053 2058 1161 2125 nostri
1277 2141 1282 2165 Ι

162 2163 376 2250 decemviros,
397 2167 455 2257 qui
471 2166 536 2235 XII
557 2163 679 2233 tabulas
696 2167 1072 2258 pc1·scripserunt,-quos
1095 2186 1160 2229 ne·
1242 2205 1246 2211 -

231 2327 253 2396 i.
272 2327 316 2396 57.
357 2334 386 2379 et
406 2324 548 2396 profecto]
573 2328 623 2398 qni
645 2325 777 2399 profecto
798 2324 892 2384 lietu.
912 2321 945 2380 Β.
962 2346 998 2366 -
1014 2326 1057 2377 Μ.
1074 2312 1161 2379 Mor-

162 2399 249 2453 ceilus
268 2401 319 2464 qui
336 2401 382 2459 sit,
400 2413 458 2447 uon
477 2409 599 2450 constat.
1153 2410 1158 2435 r

205 2470 255 2535 -§.
278 2470 320 2518 58.
374 2469 549 2536 Lycurgum]
584 2471 734 2534 Lycurgus
770 2461 976 2535 Spartanorum
1012 2475 1041 2518 et
1075 2463 1180 2519 Solon.

156 2526 382 2593 'Atheniensium
400 2537 577 2600 legislatores
596 2538 663 2587 satis
683 2538 744 2585 nott
762 2547 829 2587 sunt
847 2535 989 2589 omuibus.
1007 2544 1043 2574 -'
1060 2536 1159 2604 Hype-

160 2610 234 2660 rides
253 2617 282 2656 et
301 2606 499 2657 Demosthenes
517 2604 695 2658 celeberrimi
718 2616 844 2657 oratores
862 2604 963 2667 Attici,
989 2606 1109 2672 equales
1128 2612 1161 2659 et
1236 2666 1239 2671 ,
1304 2594 1307 2599 ’

159 2682 191 2730 in
215 2674 437 2726 Atheniensium
463 2672 592 2726 libertate
623 2673 758 2725 adversus
791 2671 980 2725 Macedonum
1004 2679 1042 2725 im
1064 2677 1158 2728 ertum

161 2742 339 2796 defendenda
358 2748 574 2805 contundentes,
593 2752 658 2809 post
671 2744 813 2809 proelium
831 2691 1063 2795 adCrauoneml

159 2812 314 2879 Antipatro
340 2811 436 2861 traditi
458 2807 505 2864 01.
526 2811 629 2865 CXIV.
653 2811 669 2863 5
694 2811 773 2876 (322)
792 2817 973 2865 interierunt.
1014 2811 1158 2881 Hyperidi

159 2898 278 2935 acurneu
297 2892 324 2931 et
343 2884 409 2932 satis
428 2879 593 2933 laee'tiarum
614 2879 715 2932 tribuit
733 2880 832 2933 Cicero
851 2883 886 2934 de
907 2878 986 2935 Orat.
1006 2883 1054 2938 111.
1076 2901 1101 2951 7.
1112 2882 1156 2944 28,

1061 2752 1156 2796 actum
1252 2757 1259 2769 “
1304 2812 1308 2821 Ι

161 2949 241 3006 Orat.
262 2950 305 3002 26.
323 2967 370 3019 903
407 2954 468 3001 eius
495 2953 578 3002 arttllre
596 2961 708 3001 exstant
733 2955 893 3003 orationes:
919 2952 1005 3015 olim,
1033 2948 1155 3005 testibus
1237 2970 1245 2985 ⁴
1304 2950 1308 2977 ¹

159 3017 443 3079 Pseudo-Plutarcho
460 3020 601 3075 etPhotio
618 3019 681 3071 eod.
695 3020 754 3085 266,
769 3018 936 3086 legebantur
950 3025 1081 3089 genuine
1092 3020 1155 3073 dum
1214 3016 1221 3033 ‘

159 3103 188 3147 et
206 3092 423 3159 quinquaginta.
469 3088 676 3141 Demosthenes
701 3102 784 3142 sistus
810 3102 870 3142 erat
895 3087 942 3141 01.
961 3088 1066 3145 XCIX.
1086 3092 1108 3147 ,ss
1123 3113 1157 3143 τι

158 3180 184 3214 a.
204 3162 268 3214 Chr.
280 3161 328 3212 381
353 3158 487 3225 (Dionys.
505 3158 594 3211 Helie.
612 3162 694 3224 epist.
712 3158 735 3214 Ι.
752 3157 786 3209 sd
805 3157 961 3213 Antmaeum
981 3159 1058 3227 ui).
1091 3158 1155 3213 Ex-

157 3244 233 3286 stant
253 3232 283 3282 in
304 3233 447 3281 orationes
462 3239 491 3280 et
503 3229 536 3283 65
554 3232 683 3300 προοίμια
699 3223 877 3301 ὃημηγορικᾶ.
909 3226 1008 3282 Cicero
1026 3229 1071 3282 lris
1090 3244 1156 3283 rer·

156 3301 202 3355 bis
220 3305 373 3353 oratoriam
383 3297 580 3351 Dettrosthenis
599 3298 712 3352 leudem
730 3298 859 3367 praedicat
871 3296 948 3349 Brut.
966 3317 993 3366 9.
1006 3299 1056 3349 55:
1073 3297 1158 3355 Niurt
1227 3348 1230 3353 .

159 3380 240 3427 acute
261 3370 380 3423 inveniri
396 3371 490 3439 potuit
507 3372 536 3423 in
554 3371 594 3421 eis
610 3371 711 3435 causis,
733 3386 804 3440 quos
822 3369 942 3437 scripsit,
961 3369 1041 3431 uilril,
1060 3378 1093 3420 nt
1110 3370 1155 3421 ito

159 3441 263 3501 dicem,
289 3440 416 3501 subdole,
443 3440 515 3491 nihii
539 3451 666 3500 versute,
694 3441 767 3509 quod
790 3440 838 3496 iile
857 3457 911 3507 nort
931 3438 1051 3495 videriit
1084 3439 1158 3491 nihil

158 3509 301 3561 subtiliter
320 3511 397 3575 diei,
412 3510 484 3561 rrilril
499 3528 611 3578 presse,
640 3509 711 3561 nihil
727 3511 887 3571 enucleate,
913 3506 1048 3578 puofisri
1062 3509 1155 3574 possit

158 3577 268 3645 aliquid
285 3578 429 3638 limatius,¹
463 3579 536 3630 uiiril
555 3584 652 3637 eontra
668 3582 792 3646 grande,
811 3581 883 3631 nihil
897 3578 1064 3637 incitatum,
1084 3576 1157 3629 rr'r'ltid

158 3654 286 3701 ornatum
306 3648 351 3697 vel
369 3647 512 3699 verborum
531 3647 678 3718 gravitate
699 3648 744 3699 vel
760 3649 972 3706 sententiarum,
1001 3661 1053 3711 quo
1071 3645 1156 3715 quid-

159 3732 243 3788 quam
261 3724 331 3765 esset
350 3716 463 3771 elatius.
563 3728 565 3732 ’
643 3758 646 3763 .

227 3783 272 3835 vel
289 3785 378 3835 nostri
396 3781 573 3853 decemviros]
610 3780 658 3835 Sic
676 3782 764 3849 Mam,
784 3779 881 3833 Lami).
903 3791 932 3832 et
950 3793 1067 3836 recentt.
1088 3794 1157 3850 post.

159 3850 226 3909 Sch.
244 3880 279 3891 -
300 3851 396 3917 Vulgo
416 3854 545 3913 codd.,et
573 3852 639 3907 edd.
663 3852 706 3905 rel
728 3862 837 3903 nostros
855 3852 912 3902 dee.
930 3877 966 3890 -
988 3849 1030 3902 De
1048 3855 1153 3904 decem-

156 3923 227 3981 viris
245 3921 310 3983 side
330 3924 414 3985 impr.
432 3920 493 3979 Lit.
511 3922 560 3979 ΙΙΙ.
578 3940 604 3979 c.
618 3922 653 3978 35
669 3938 700 3989 sq
722 3960 730 3981 ,
771 3920 815 3972 De
830 3924 891 3973 Ser.
906 3921 999 3973 Galba
1013 3923 1049 3979 ud
1064 3940 1089 3981 c.
1111 3934 1154 3981 to.
1257 3912 1261 3921 ¹

157 3996 201 4060 to,
220 3992 254 4047 de
275 3996 304 4051 0.
321 3989 413 4048 Laelio
433 3990 467 4044 ad
486 4007 512 4048 c.
531 4009 556 4064 7.
577 3993 610 4051 24
629 4003 658 4049 et
677 3995 687 4048 i
719 3992 744 4047 i.
764 3990 799 4048 sd
818 4007 842 4051 e.
860 3991 903 4048 48.
917 4008 977 4053 211.
