<?xml version="1.0" encoding="UTF-8"?>
<!DOCTYPE html PUBLIC "-//W3C//DTD XHTML 1.0 Transitional//EN"
    "http://www.w3.org/TR/xhtml1/DTD/xhtml1-transitional.dtd">
<html xmlns="http://www.w3.org/1999/xhtml" xml:lang="en" lang="en">
 <head>
  <title>
</title>
<meta http-equiv="Content-Type" content="text/html;charset=utf-8" />
  <meta name='ocr-system' content='tesseract 3.04.00' />
  <meta name='ocr-capabilities' content='ocr_page ocr_carea ocr_par ocr_line ocrx_word'/>
</head>
<body>
  <div class='ocr_page' id='page_1' title='image "./mtulliiciceroni30cicegoog_0151.png"; bbox 0 0 2618 4440; ppageno 0'>
   <div class='ocr_carea' id='block_1_1' title="bbox 8 230 782 367">
    <p class='ocr_par' dir='ltr' id='par_1_1' title="bbox 8 230 782 367">
     <span class='ocr_line' id='line_1_1' title="bbox 8 230 782 367; baseline -0.013 -8"><span class='ocrx_word' id='word_1_1' title='bbox 8 230 68 291; x_wconf 43' lang='lat'>¹·</span> <span class='ocrx_word' id='word_1_2' title='bbox 163 288 232 367; x_wconf 73' lang='lat' dir='ltr'>aaa</span> <span class='ocrx_word' id='word_1_3' title='bbox 523 275 782 355; x_wconf 81' lang='lat' dir='ltr'>..CICERONIS</span> 
     </span>
    </p>
   </div>
   <div class='ocr_carea' id='block_1_2' title="bbox 91 469 1285 2693">
    <p class='ocr_par' dir='ltr' id='par_1_2' title="bbox 161 469 1165 776">
     <span class='ocr_line' id='line_1_2' title="bbox 161 469 1165 566; baseline 0 -29"><span class='ocrx_word' id='word_1_4' title='bbox 161 469 276 537; x_wconf 89' lang='lat' dir='ltr'>mitant</span> <span class='ocrx_word' id='word_1_5' title='bbox 306 487 339 538; x_wconf 91' lang='lat' dir='ltr'>et</span> <span class='ocrx_word' id='word_1_6' title='bbox 363 470 538 563; x_wconf 79' lang='lat' dir='ltr'>quotidie,</span> <span class='ocrx_word' id='word_1_7' title='bbox 572 493 744 566; x_wconf 88' lang='lat' dir='ltr'>antequam</span> <span class='ocrx_word' id='word_1_8' title='bbox 772 470 1005 565; x_wconf 69' lang='lat' dir='ltr'><strong>pronuntient,</strong></span> <span class='ocrx_word' id='word_1_9' title='bbox 1040 486 1165 545; x_wconf 82' lang='lat' dir='ltr'>vocem</span> 
     </span>
     <span class='ocr_line' id='line_1_3' title="bbox 162 576 1162 669; baseline 0.003 -29"><span class='ocrx_word' id='word_1_10' title='bbox 162 576 315 657; x_wconf 83' lang='lat' dir='ltr'>cubantes</span> <span class='ocrx_word' id='word_1_11' title='bbox 338 579 458 645; x_wconf 86' lang='lat' dir='ltr'>sensim</span> <span class='ocrx_word' id='word_1_12' title='bbox 487 579 627 646; x_wconf 83' lang='lat' dir='ltr'>excitant</span> <span class='ocrx_word' id='word_1_13' title='bbox 648 578 858 669; x_wconf 82' lang='lat' dir='ltr'><strong>eandemque,</strong></span> <span class='ocrx_word' id='word_1_14' title='bbox 888 600 989 669; x_wconf 89' lang='lat' dir='ltr'>quum</span> <span class='ocrx_word' id='word_1_15' title='bbox 1010 592 1162 661; x_wconf 82' lang='lat' dir='ltr'>egerunt,</span> 
     </span>
     <span class='ocr_line' id='line_1_4' title="bbox 163 668 1164 776; baseline 0.006 -31"><span class='ocrx_word' id='word_1_16' title='bbox 163 678 309 765; x_wconf 78' lang='lat' dir='ltr'>sedentes</span> <span class='ocrx_word' id='word_1_17' title='bbox 326 682 366 747; x_wconf 82' lang='lat' dir='ltr'>ab</span> <span class='ocrx_word' id='word_1_18' title='bbox 382 684 565 752; x_wconf 89' lang='lat' dir='ltr'>acutissimo</span> <span class='ocrx_word' id='word_1_19' title='bbox 585 710 666 753; x_wconf 91' lang='lat' dir='ltr'>sono</span> <span class='ocrx_word' id='word_1_20' title='bbox 683 681 839 776; x_wconf 88' lang='lat' dir='ltr'>usquead</span> <span class='ocrx_word' id='word_1_21' title='bbox 855 682 1081 771; x_wconf 66' lang='lat' dir='ltr'>grauissimum</span> <span class='ocrx_word' id='word_1_22' title='bbox 1101 668 1164 755; x_wconf 75' lang='lat' dir='ltr'>so,-</span> 
     </span>
    </p>

    <p class='ocr_par' dir='ltr' id='par_1_3' title="bbox 91 785 1285 2260">
     <span class='ocr_line' id='line_1_5' title="bbox 91 785 1167 881; baseline 0.003 -31"><span class='ocrx_word' id='word_1_23' title='bbox 91 806 97 815; x_wconf 80' lang='grc'><em>·</em></span> <span class='ocrx_word' id='word_1_24' title='bbox 162 808 242 851; x_wconf 91' lang='lat' dir='ltr'>num</span> <span class='ocrx_word' id='word_1_25' title='bbox 257 789 420 878; x_wconf 88' lang='lat' dir='ltr'>recipiunt</span> <span class='ocrx_word' id='word_1_26' title='bbox 435 807 468 854; x_wconf 86' lang='lat' dir='ltr'>et</span> <span class='ocrx_word' id='word_1_27' title='bbox 484 791 574 881; x_wconf 83' lang='lat' dir='ltr'><strong>quasi</strong></span> <span class='ocrx_word' id='word_1_28' title='bbox 594 789 737 881; x_wconf 86' lang='lat' dir='ltr'>quodam</span> <span class='ocrx_word' id='word_1_29' title='bbox 750 788 849 855; x_wconf 91' lang='lat' dir='ltr'>modo</span> <span class='ocrx_word' id='word_1_30' title='bbox 871 785 1040 872; x_wconf 82' lang='lat' dir='ltr'>colligunt.</span> <span class='ocrx_word' id='word_1_31' title='bbox 1070 789 1167 855; x_wconf 89' lang='lat' dir='ltr'>.Hoc</span> 
     </span>
     <span class='ocr_line' id='line_1_6' title="bbox 162 892 1165 982; baseline 0.005 -25"><span class='ocrx_word' id='word_1_32' title='bbox 162 912 223 958; x_wconf 89' lang='lat' dir='ltr'>nos</span> <span class='ocrx_word' id='word_1_33' title='bbox 246 894 273 959; x_wconf 90' lang='lat' dir='ltr'>si</span> <span class='ocrx_word' id='word_1_34' title='bbox 294 892 398 959; x_wconf 87' lang='lat' dir='ltr'>facere</span> <span class='ocrx_word' id='word_1_35' title='bbox 417 892 563 975; x_wconf 78' lang='lat' dir='ltr'>velimus,</span> <span class='ocrx_word' id='word_1_36' title='bbox 587 913 659 961; x_wconf 88' lang='lat' dir='ltr'>aute</span> <span class='ocrx_word' id='word_1_37' title='bbox 681 892 936 962; x_wconf 77' lang='lat' dir='ltr'>condemnentur</span> <span class='ocrx_word' id='word_1_38' title='bbox 960 894 995 972; x_wconf 84' lang='lat' dir='ltr'>ii,</span> <span class='ocrx_word' id='word_1_39' title='bbox 1017 912 1165 982; x_wconf 85' lang='lat' dir='ltr'>quorum</span> 
     </span>
     <span class='ocr_line' id='line_1_7' title="bbox 163 997 1168 1101; baseline 0.004 -38"><span class='ocrx_word' id='word_1_40' title='bbox 163 1020 270 1065; x_wconf 81' lang='lat' dir='ltr'><strong>causas</strong></span> <span class='ocrx_word' id='word_1_41' title='bbox 289 1001 518 1101; x_wconf 83' lang='lat' dir='ltr'>receperimus,</span> <span class='ocrx_word' id='word_1_42' title='bbox 539 1025 636 1091; x_wconf 55' lang='lat' dir='ltr'>mam</span> <span class='ocrx_word' id='word_1_43' title='bbox 652 1002 756 1084; x_wconf 87' lang='lat' dir='ltr'>toties,</span> <span class='ocrx_word' id='word_1_44' title='bbox 774 1000 899 1091; x_wconf 86' lang='lat' dir='ltr'>quotics</span> <span class='ocrx_word' id='word_1_45' title='bbox 916 997 1168 1091; x_wconf 75' lang='lat' dir='ltr'>praescribitur,¹</span> 
     </span>
     <span class='ocr_line' id='line_1_8' title="bbox 163 1100 1164 1197; baseline 0.005 -31"><span class='ocrx_word' id='word_1_46' title='bbox 163 1124 318 1193; x_wconf 80' lang='lat' dir='ltr'>pacarem</span> <span class='ocrx_word' id='word_1_47' title='bbox 346 1122 399 1170; x_wconf 86' lang='lat' dir='ltr'>aut</span> <span class='ocrx_word' id='word_1_48' title='bbox 419 1108 447 1190; x_wconf 91' lang='lat'>†</span> <span class='ocrx_word' id='word_1_49' title='bbox 466 1107 657 1175; x_wconf 80' lang='lat' dir='ltr'>munionem</span> <span class='ocrx_word' id='word_1_50' title='bbox 679 1108 855 1183; x_wconf 64' lang='lat' dir='ltr'>citurimus.</span> <span class='ocrx_word' id='word_1_51' title='bbox 901 1116 976 1181; x_wconf 79' lang='lat'>252·</span> <span class='ocrx_word' id='word_1_52' title='bbox 1006 1100 1111 1197; x_wconf 89' lang='lat' dir='ltr'>Quod</span> <span class='ocrx_word' id='word_1_53' title='bbox 1135 1103 1164 1171; x_wconf 90' lang='lat' dir='ltr'>si</span> 
     </span>
     <span class='ocr_line' id='line_1_9' title="bbox 163 1207 1167 1302; baseline 0.002 -27"><span class='ocrx_word' id='word_1_54' title='bbox 163 1207 199 1275; x_wconf 93' lang='lat' dir='ltr'>in</span> <span class='ocrx_word' id='word_1_55' title='bbox 221 1227 330 1292; x_wconf 84' lang='lat' dir='ltr'>gestu,</span> <span class='ocrx_word' id='word_1_56' title='bbox 359 1211 415 1302; x_wconf 90' lang='lat' dir='ltr'>qui</span> <span class='ocrx_word' id='word_1_57' title='bbox 438 1209 576 1279; x_wconf 90' lang='lat' dir='ltr'>multum</span> <span class='ocrx_word' id='word_1_58' title='bbox 598 1231 762 1281; x_wconf 88' lang='lat' dir='ltr'>oratorem</span> <span class='ocrx_word' id='word_1_59' title='bbox 781 1210 918 1293; x_wconf 86' lang='lat' dir='ltr'>adiuvat,</span> <span class='ocrx_word' id='word_1_60' title='bbox 953 1227 986 1277; x_wconf 92' lang='lat' dir='ltr'>et</span> <span class='ocrx_word' id='word_1_61' title='bbox 1009 1212 1045 1277; x_wconf 91' lang='lat' dir='ltr'>in</span> <span class='ocrx_word' id='word_1_62' title='bbox 1066 1226 1167 1297; x_wconf 68' lang='lat' dir='ltr'>voce,</span> 
     </span>
     <span class='ocr_line' id='line_1_10' title="bbox 165 1310 1165 1417; baseline 0.002 -39"><span class='ocrx_word' id='word_1_63' title='bbox 165 1336 247 1405; x_wconf 84' lang='lat' dir='ltr'>quae</span> <span class='ocrx_word' id='word_1_64' title='bbox 274 1339 338 1393; x_wconf 79' lang='lat' dir='ltr'>una</span> <span class='ocrx_word' id='word_1_65' title='bbox 368 1317 505 1383; x_wconf 86' lang='lat' dir='ltr'>maxime</span> <span class='ocrx_word' id='word_1_66' title='bbox 531 1316 750 1413; x_wconf 76' lang='lat' dir='ltr'>eloquentiam</span> <span class='ocrx_word' id='word_1_67' title='bbox 779 1314 833 1385; x_wconf 83' lang='lat' dir='ltr'>vel</span> <span class='ocrx_word' id='word_1_68' title='bbox 865 1310 1165 1417; x_wconf 27' lang='lat' dir='ltr'>commendat-vel</span> 
     </span>
     <span class='ocr_line' id='line_1_11' title="bbox 164 1414 1165 1515; baseline 0.002 -28"><span class='ocrx_word' id='word_1_69' title='bbox 164 1420 315 1515; x_wconf 81' lang='lat' dir='ltr'>sustinet,¹</span> <span class='ocrx_word' id='word_1_70' title='bbox 347 1414 517 1489; x_wconf 84' lang='lat' dir='ltr'>elaborare</span> <span class='ocrx_word' id='word_1_71' title='bbox 546 1426 641 1493; x_wconf 91' lang='lat' dir='ltr'>nobis</span> <span class='ocrx_word' id='word_1_72' title='bbox 669 1450 738 1493; x_wconf 89' lang='lat' dir='ltr'>non</span> <span class='ocrx_word' id='word_1_73' title='bbox 766 1421 864 1507; x_wconf 83' lang='lat' dir='ltr'>licet,</span> <span class='ocrx_word' id='word_1_74' title='bbox 906 1438 944 1487; x_wconf 86' lang='lat' dir='ltr'>ac</span> <span class='ocrx_word' id='word_1_75' title='bbox 973 1438 1102 1493; x_wconf 85' lang='lat' dir='ltr'>tantum</span> <span class='ocrx_word' id='word_1_76' title='bbox 1125 1420 1165 1489; x_wconf 87' lang='lat' dir='ltr'>in</span> 
     </span>
     <span class='ocr_line' id='line_1_12' title="bbox 163 1514 1207 1623; baseline 0 -30"><span class='ocrx_word' id='word_1_77' title='bbox 163 1544 304 1619; x_wconf 85' lang='lat' dir='ltr'>utroque</span> <span class='ocrx_word' id='word_1_78' title='bbox 325 1514 644 1621; x_wconf 83' lang='lat' dir='ltr'>assequip&#39;ossumus,</span> <span class='ocrx_word' id='word_1_79' title='bbox 673 1531 884 1623; x_wconf 85' lang='lat' dir='ltr'>quantumin</span> <span class='ocrx_word' id='word_1_80' title='bbox 902 1527 965 1595; x_wconf 86' lang='lat' dir='ltr'>hae</span> <span class='ocrx_word' id='word_1_81' title='bbox 986 1528 1054 1593; x_wconf 87' lang='lat' dir='ltr'>acie</span> <span class='ocrx_word' id='word_1_82' title='bbox 1073 1548 1165 1618; x_wconf 75' lang='lat' dir='ltr'>quo·</span> <span class='ocrx_word' id='word_1_83' title='bbox 1203 1610 1207 1615; x_wconf 24' lang='grc' dir='ltr'>ι</span> 
     </span>
     <span class='ocr_line' id='line_1_13' title="bbox 164 1630 1285 1735; baseline 0 -38"><span class='ocrx_word' id='word_1_84' title='bbox 164 1630 280 1697; x_wconf 90' lang='lat' dir='ltr'>tidiani</span> <span class='ocrx_word' id='word_1_85' title='bbox 317 1634 461 1701; x_wconf 84' lang='lat' dir='ltr'>muneris</span> <span class='ocrx_word' id='word_1_86' title='bbox 496 1637 590 1727; x_wconf 86' lang='lat' dir='ltr'>spatii</span> <span class='ocrx_word' id='word_1_87' title='bbox 621 1638 717 1704; x_wconf 89' lang='lat' dir='ltr'>nobis</span> <span class='ocrx_word' id='word_1_88' title='bbox 755 1636 869 1703; x_wconf 71' lang='lat' dir='ltr'>daturs</span> <span class='ocrx_word' id='word_1_89' title='bbox 909 1650 1032 1728; x_wconf 80' lang='lat' dir='ltr'>quanto</span> <span class='ocrx_word' id='word_1_90' title='bbox 1053 1633 1170 1713; x_wconf 70' lang='lat' dir='ltr'>minus,</span> <span class='ocrx_word' id='word_1_91' title='bbox 1210 1728 1215 1735; x_wconf 28' lang='grc' dir='ltr'>Ι</span> <span class='ocrx_word' id='word_1_92' title='bbox 1279 1688 1285 1697; x_wconf 94' lang='grc'><strong><em>,</em></strong></span> 
     </span>
     <span class='ocr_line' id='line_1_14' title="bbox 165 1735 1168 1837; baseline 0.003 -34"><span class='ocrx_word' id='word_1_93' title='bbox 165 1753 213 1803; x_wconf 89' lang='lat' dir='ltr'>est</span> <span class='ocrx_word' id='word_1_94' title='bbox 235 1735 276 1801; x_wconf 87' lang='lat' dir='ltr'>ad</span> <span class='ocrx_word' id='word_1_95' title='bbox 299 1737 379 1804; x_wconf 86' lang='lat' dir='ltr'>iuris</span> <span class='ocrx_word' id='word_1_96' title='bbox 402 1737 506 1827; x_wconf 84' lang='lat' dir='ltr'>civilis</span> <span class='ocrx_word' id='word_1_97' title='bbox 527 1740 735 1833; x_wconf 76' lang='lat' dir='ltr'>perdiscendi</span> <span class='ocrx_word' id='word_1_98' title='bbox 755 1743 1003 1837; x_wconf 68' lang='lat' dir='ltr'>occupationem</span> <span class='ocrx_word' id='word_1_99' title='bbox 1023 1738 1168 1815; x_wconf 52' lang='lat' dir='ltr'>descenff</span> 
     </span>
     <span class='ocr_line' id='line_1_15' title="bbox 166 1837 1171 1951; baseline 0.011 -48"><span class='ocrx_word' id='word_1_100' title='bbox 166 1837 333 1929; x_wconf 77' lang='lat' dir='ltr'>dentium?</span> <span class='ocrx_word' id='word_1_101' title='bbox 372 1843 463 1935; x_wconf 88' lang='lat' dir='ltr'>quod</span> <span class='ocrx_word' id='word_1_102' title='bbox 493 1862 526 1913; x_wconf 88' lang='lat' dir='ltr'>et</span> <span class='ocrx_word' id='word_1_103' title='bbox 558 1850 738 1915; x_wconf 74' lang='lat' dir='ltr'>summatim</span> <span class='ocrx_word' id='word_1_104' title='bbox 765 1852 892 1941; x_wconf 83' lang='lat' dir='ltr'>percipi</span> <span class='ocrx_word' id='word_1_105' title='bbox 923 1850 991 1915; x_wconf 87' lang='lat' dir='ltr'>siue</span> <span class='ocrx_word' id='word_1_106' title='bbox 1015 1844 1171 1951; x_wconf 71' lang='lat' dir='ltr'>doctrina</span> 
     </span>
     <span class='ocr_line' id='line_1_16' title="bbox 167 1949 1168 2044; baseline -0.002 -25"><span class='ocrx_word' id='word_1_107' title='bbox 167 1968 276 2044; x_wconf 89' lang='lat' dir='ltr'>potest</span> <span class='ocrx_word' id='word_1_108' title='bbox 296 1968 329 2018; x_wconf 92' lang='lat' dir='ltr'>et</span> <span class='ocrx_word' id='word_1_109' title='bbox 351 1949 436 2017; x_wconf 87' lang='lat' dir='ltr'>hauc</span> <span class='ocrx_word' id='word_1_110' title='bbox 468 1950 565 2019; x_wconf 89' lang='lat' dir='ltr'>habet</span> <span class='ocrx_word' id='word_1_111' title='bbox 585 1954 626 2019; x_wconf 84' lang='lat' dir='ltr'>ab</span> <span class='ocrx_word' id='word_1_112' title='bbox 646 1952 712 2022; x_wconf 91' lang='lat' dir='ltr'>illis</span> <span class='ocrx_word' id='word_1_113' title='bbox 735 1956 832 2023; x_wconf 87' lang='lat' dir='ltr'>rebus</span> <span class='ocrx_word' id='word_1_114' title='bbox 854 1950 1168 2041; x_wconf 57' lang='lat' dir='ltr'>dissimilitudinem,</span> 
     </span>
     <span class='ocr_line' id='line_1_17' title="bbox 169 2056 1169 2150; baseline 0.002 -27"><span class='ocrx_word' id='word_1_115' title='bbox 169 2056 260 2149; x_wconf 85' lang='lat' dir='ltr'>quod</span> <span class='ocrx_word' id='word_1_116' title='bbox 280 2080 345 2125; x_wconf 84' lang='lat' dir='ltr'>vox</span> <span class='ocrx_word' id='word_1_117' title='bbox 367 2076 399 2124; x_wconf 87' lang='lat' dir='ltr'>et</span> <span class='ocrx_word' id='word_1_118' title='bbox 419 2076 524 2143; x_wconf 84' lang='lat' dir='ltr'>gestus</span> <span class='ocrx_word' id='word_1_119' title='bbox 547 2060 653 2127; x_wconf 90' lang='lat' dir='ltr'>subito</span> <span class='ocrx_word' id='word_1_120' title='bbox 671 2063 753 2127; x_wconf 89' lang='lat' dir='ltr'>sumi</span> <span class='ocrx_word' id='word_1_121' title='bbox 775 2079 807 2128; x_wconf 92' lang='lat' dir='ltr'>et</span> <span class='ocrx_word' id='word_1_122' title='bbox 827 2058 957 2128; x_wconf 87' lang='lat' dir='ltr'>aliunde</span> <span class='ocrx_word' id='word_1_123' title='bbox 974 2059 1076 2150; x_wconf 86' lang='lat' dir='ltr'>arripi</span> <span class='ocrx_word' id='word_1_124' title='bbox 1094 2082 1169 2133; x_wconf 85' lang='lat' dir='ltr'>non</span> 
     </span>
     <span class='ocr_line' id='line_1_18' title="bbox 169 2164 1169 2260; baseline 0.001 -28"><span class='ocrx_word' id='word_1_125' title='bbox 169 2183 294 2259; x_wconf 90' lang='lat' dir='ltr'>potest,</span> <span class='ocrx_word' id='word_1_126' title='bbox 333 2165 413 2235; x_wconf 88' lang='lat' dir='ltr'>iuris</span> <span class='ocrx_word' id='word_1_127' title='bbox 445 2164 564 2237; x_wconf 89' lang='lat' dir='ltr'>utilitas</span> <span class='ocrx_word' id='word_1_128' title='bbox 598 2166 639 2233; x_wconf 89' lang='lat' dir='ltr'>ad</span> <span class='ocrx_word' id='word_1_129' title='bbox 672 2191 834 2260; x_wconf 88' lang='lat' dir='ltr'>quamque</span> <span class='ocrx_word' id='word_1_130' title='bbox 847 2210 850 2215; x_wconf 58' lang='lat'>&gt;</span> <span class='ocrx_word' id='word_1_131' title='bbox 864 2190 989 2239; x_wconf 87' lang='lat' dir='ltr'>causam</span> <span class='ocrx_word' id='word_1_132' title='bbox 1017 2165 1169 2257; x_wconf 83' lang='lat' dir='ltr'>quumvis</span> 
     </span>
    </p>

    <p class='ocr_par' dir='ltr' id='par_1_4' title="bbox 147 2268 1233 2693">
     <span class='ocr_line' id='line_1_19' title="bbox 147 2268 1170 2366; baseline 0.003 -26"><span class='ocrx_word' id='word_1_133' title='bbox 147 2291 304 2366; x_wconf 35' lang='lat' dir='ltr'>trepente</span> <span class='ocrx_word' id='word_1_134' title='bbox 330 2268 383 2340; x_wconf 87' lang='lat' dir='ltr'>vel</span> <span class='ocrx_word' id='word_1_135' title='bbox 412 2274 562 2365; x_wconf 87' lang='lat' dir='ltr'>aperitis</span> <span class='ocrx_word' id='word_1_136' title='bbox 590 2272 644 2340; x_wconf 88' lang='lat' dir='ltr'>vel</span> <span class='ocrx_word' id='word_1_137' title='bbox 674 2274 716 2341; x_wconf 86' lang='lat' dir='ltr'>de</span> <span class='ocrx_word' id='word_1_138' title='bbox 744 2271 838 2341; x_wconf 89' lang='lat' dir='ltr'>libris</span> <span class='ocrx_word' id='word_1_139' title='bbox 869 2273 1019 2366; x_wconf 88' lang='lat' dir='ltr'>depromi</span> <span class='ocrx_word' id='word_1_140' title='bbox 1037 2288 1170 2365; x_wconf 86' lang='lat' dir='ltr'>potest.</span> 
     </span>
     <span class='ocr_line' id='line_1_20' title="bbox 168 2378 1233 2479; baseline 0.005 -33"><span class='ocrx_word' id='word_1_141' title='bbox 168 2392 242 2472; x_wconf 68' lang='lat'>253.</span> <span class='ocrx_word' id='word_1_142' title='bbox 288 2378 478 2479; x_wconf 34' lang='lat' dir='ltr'>Itaqueoilli</span> <span class='ocrx_word' id='word_1_143' title='bbox 496 2380 711 2448; x_wconf 78' lang='lat' dir='ltr'>disertissimi</span> <span class='ocrx_word' id='word_1_144' title='bbox 733 2379 882 2448; x_wconf 90' lang='lat' dir='ltr'>homines</span> <span class='ocrx_word' id='word_1_145' title='bbox 911 2381 1076 2447; x_wconf 89' lang='lat' dir='ltr'>ministros</span> <span class='ocrx_word' id='word_1_146' title='bbox 1103 2378 1172 2451; x_wconf 70' lang='lat' dir='ltr'>has</span> <span class='ocrx_word' id='word_1_147' title='bbox 1190 2450 1195 2457; x_wconf 88' lang='grc'><strong>,</strong></span> <span class='ocrx_word' id='word_1_148' title='bbox 1216 2380 1233 2465; x_wconf 67' lang='lat' dir='ltr'>&#39;j</span> 
     </span>
     <span class='ocr_line' id='line_1_21' title="bbox 167 2486 1173 2579; baseline 0.002 -26"><span class='ocrx_word' id='word_1_149' title='bbox 167 2489 246 2554; x_wconf 87' lang='lat' dir='ltr'>bent</span> <span class='ocrx_word' id='word_1_150' title='bbox 266 2488 302 2553; x_wconf 91' lang='lat' dir='ltr'>in</span> <span class='ocrx_word' id='word_1_151' title='bbox 323 2488 423 2554; x_wconf 87' lang='lat' dir='ltr'>causis</span> <span class='ocrx_word' id='word_1_152' title='bbox 447 2487 682 2577; x_wconf 78' lang='lat' dir='ltr'>iurisperitus,</span> <span class='ocrx_word' id='word_1_153' title='bbox 715 2489 830 2577; x_wconf 90' lang='lat' dir='ltr'>[quum</span> <span class='ocrx_word' id='word_1_154' title='bbox 854 2488 916 2578; x_wconf 87' lang='lat' dir='ltr'>ipsi</span> <span class='ocrx_word' id='word_1_155' title='bbox 939 2488 1003 2553; x_wconf 91' lang='lat' dir='ltr'>sint</span> <span class='ocrx_word' id='word_1_156' title='bbox 1027 2486 1173 2579; x_wconf 70' lang='lat' dir='ltr'>imperia</span> 
     </span>
     <span class='ocr_line' id='line_1_22' title="bbox 168 2590 1176 2693; baseline 0 -33"><span class='ocrx_word' id='word_1_157' title='bbox 168 2595 311 2680; x_wconf 90' lang='lat' dir='ltr'>tissimi,]</span> <span class='ocrx_word' id='word_1_158' title='bbox 338 2616 406 2676; x_wconf 87' lang='lat' dir='ltr'>eos,</span> <span class='ocrx_word' id='word_1_159' title='bbox 428 2593 504 2684; x_wconf 84' lang='lat' dir='ltr'>qui,</span> <span class='ocrx_word' id='word_1_160' title='bbox 538 2610 574 2659; x_wconf 90' lang='lat' dir='ltr'>ut</span> <span class='ocrx_word' id='word_1_161' title='bbox 595 2592 649 2660; x_wconf 87' lang='lat' dir='ltr'>abs</span> <span class='ocrx_word' id='word_1_162' title='bbox 674 2591 840 2687; x_wconf 70' lang='lat' dir='ltr'>tc=paullo</span> <span class='ocrx_word' id='word_1_163' title='bbox 865 2592 1082 2693; x_wconf 80' lang='lat' dir='ltr'>antedictum</span> <span class='ocrx_word' id='word_1_164' title='bbox 1107 2590 1176 2689; x_wconf 55' lang='lat' dir='ltr'>‘sti</span> 
     </span>
    </p>
   </div>
   <div class='ocr_carea' id='block_1_3' title="bbox 172 2717 310 2731">
    <p class='ocr_par' dir='ltr' id='par_1_5' title="bbox 172 2717 310 2731">
     <span class='ocr_line' id='line_1_23' title="bbox 172 2717 310 2731; baseline -0.007 -1"><span class='ocrx_word' id='word_1_165' title='bbox 172 2717 310 2731; x_wconf 45' lang='grc' dir='ltr'><strong>μ</strong></span> 
     </span>
    </p>
   </div>
   <div class='ocr_carea' id='block_1_4' title="bbox 116 2778 1306 4137">
    <p class='ocr_par' dir='ltr' id='par_1_6' title="bbox 116 2778 1306 4137">
     <span class='ocr_line' id='line_1_24' title="bbox 171 2778 1173 2855; baseline 0.008 -22"><span class='ocrx_word' id='word_1_166' title='bbox 171 2778 248 2850; x_wconf 87' lang='lat' dir='ltr'>Lips.</span> <span class='ocrx_word' id='word_1_167' title='bbox 275 2781 438 2848; x_wconf 78' lang='lat' dir='ltr'>Thesauri,</span> <span class='ocrx_word' id='word_1_168' title='bbox 466 2800 552 2853; x_wconf 84' lang='lat' dir='ltr'>quam</span> <span class='ocrx_word' id='word_1_169' title='bbox 574 2786 684 2855; x_wconf 87' lang='lat' dir='ltr'>recepit</span> <span class='ocrx_word' id='word_1_170' title='bbox 701 2781 889 2840; x_wconf 79' lang='lat' dir='ltr'>Schuetzius&#39;s</span> <span class='ocrx_word' id='word_1_171' title='bbox 915 2788 1076 2841; x_wconf 83' lang='lat' dir='ltr'>Groesorurn</span> <span class='ocrx_word' id='word_1_172' title='bbox 1094 2802 1173 2841; x_wconf 77' lang='lat' dir='ltr'>mars</span> 
     </span>
     <span class='ocr_line' id='line_1_25' title="bbox 172 2853 1171 2926; baseline 0.018 -24"><span class='ocrx_word' id='word_1_173' title='bbox 172 2853 359 2922; x_wconf 76' lang='lat' dir='ltr'>sophistarum</span> <span class='ocrx_word' id='word_1_174' title='bbox 378 2863 407 2904; x_wconf 84' lang='lat' dir='ltr'>et</span> <span class='ocrx_word' id='word_1_175' title='bbox 426 2863 501 2926; x_wconf 74' lang='lat' dir='ltr'>trag.</span> <span class='ocrx_word' id='word_1_176' title='bbox 1085 2882 1088 2887; x_wconf 88' lang='lat'>·</span> <span class='ocrx_word' id='word_1_177' title='bbox 1146 2890 1171 2913; x_wconf 77' lang='lat'>··</span> 
     </span>
     <span class='ocr_line' id='line_1_26' title="bbox 240 2922 1174 3007; baseline 0.019 -33"><span class='ocrx_word' id='word_1_178' title='bbox 240 2922 447 2992; x_wconf 73' lang='lat' dir='ltr'>praescribitur]</span> <span class='ocrx_word' id='word_1_179' title='bbox 492 2923 559 2979; x_wconf 87' lang='lat' dir='ltr'>Scil.</span> <span class='ocrx_word' id='word_1_180' title='bbox 573 2928 606 2981; x_wconf 86' lang='lat' dir='ltr'>in</span> <span class='ocrx_word' id='word_1_181' title='bbox 623 2935 767 2999; x_wconf 72' lang='lat' dir='ltr'>praeceptis</span> <span class='ocrx_word' id='word_1_182' title='bbox 788 2925 954 2992; x_wconf 64' lang='lat' dir='ltr'>rhetorum</span> <span class='ocrx_word' id='word_1_183' title='bbox 972 2932 1174 3007; x_wconf 73' lang='lat' dir='ltr'>stepru&#39;rul·</span> 
     </span>
     <span class='ocr_line' id='line_1_27' title="bbox 174 2992 1171 3076; baseline 0.024 -34"><span class='ocrx_word' id='word_1_184' title='bbox 174 3002 240 3058; x_wconf 73' lang='lat' dir='ltr'>pato</span> <span class='ocrx_word' id='word_1_185' title='bbox 261 2992 446 3061; x_wconf 82' lang='lat' dir='ltr'>perscribitur</span> <span class='ocrx_word' id='word_1_186' title='bbox 467 2999 529 3047; x_wconf 90' lang='lat' dir='ltr'>sine</span> <span class='ocrx_word' id='word_1_187' title='bbox 555 2997 644 3051; x_wconf 78' lang='lat' dir='ltr'>diablo</span> <span class='ocrx_word' id='word_1_188' title='bbox 672 3012 747 3054; x_wconf 88' lang='lat' dir='ltr'>recte</span> <span class='ocrx_word' id='word_1_189' title='bbox 775 3002 852 3057; x_wconf 89' lang='lat' dir='ltr'>Mau·</span> <span class='ocrx_word' id='word_1_190' title='bbox 867 3010 906 3051; x_wconf 76' lang='lat' dir='ltr'>-tt</span> <span class='ocrx_word' id='word_1_191' title='bbox 930 3001 1036 3076; x_wconf 62' lang='lat' dir='ltr'>Lumb„</span> <span class='ocrx_word' id='word_1_192' title='bbox 1063 3002 1171 3075; x_wconf 75' lang='lat' dir='ltr'>probbi</span> 
     </span>
     <span class='ocr_line' id='line_1_28' title="bbox 172 3062 1252 3143; baseline 0.017 -26"><span class='ocrx_word' id='word_1_193' title='bbox 172 3062 300 3125; x_wconf 79' lang='lat' dir='ltr'>Perseia,</span> <span class='ocrx_word' id='word_1_194' title='bbox 318 3062 486 3117; x_wconf 82' lang='lat' dir='ltr'>Heindorfio</span> <span class='ocrx_word' id='word_1_195' title='bbox 502 3065 537 3118; x_wconf 87' lang='lat' dir='ltr'>ad</span> <span class='ocrx_word' id='word_1_196' title='bbox 556 3066 626 3124; x_wconf 87' lang='lat' dir='ltr'>Hor.</span> <span class='ocrx_word' id='word_1_197' title='bbox 644 3066 703 3125; x_wconf 87' lang='lat' dir='ltr'>Sat.</span> <span class='ocrx_word' id='word_1_198' title='bbox 722 3072 744 3123; x_wconf 90' lang='grc' dir='ltr'>Ι.</span> <span class='ocrx_word' id='word_1_199' title='bbox 764 3072 791 3127; x_wconf 78' lang='grc'>5.</span> <span class='ocrx_word' id='word_1_200' title='bbox 811 3092 837 3143; x_wconf 84' lang='lat'>7,</span> <span class='ocrx_word' id='word_1_201' title='bbox 861 3070 980 3127; x_wconf 81' lang='lat' dir='ltr'>Wolffio</span> <span class='ocrx_word' id='word_1_202' title='bbox 999 3089 1028 3130; x_wconf 89' lang='lat' dir='ltr'>et</span> <span class='ocrx_word' id='word_1_203' title='bbox 1046 3074 1099 3132; x_wconf 84' lang='lat' dir='ltr'>Or.</span> <span class='ocrx_word' id='word_1_204' title='bbox 1166 3110 1170 3121; x_wconf 93' lang='lat'><em>·</em></span> <span class='ocrx_word' id='word_1_205' title='bbox 1247 3086 1252 3097; x_wconf 80' lang='lat'><strong>¹</strong></span> 
     </span>
     <span class='ocr_line' id='line_1_29' title="bbox 244 3131 1287 3213; baseline 0.024 -28"><span class='ocrx_word' id='word_1_206' title='bbox 244 3134 407 3202; x_wconf 82' lang='lat' dir='ltr'>munionem]</span> <span class='ocrx_word' id='word_1_207' title='bbox 445 3131 493 3187; x_wconf 82' lang='lat' dir='ltr'>Sto</span> <span class='ocrx_word' id='word_1_208' title='bbox 516 3138 597 3191; x_wconf 86' lang='lat' dir='ltr'>codd.</span> <span class='ocrx_word' id='word_1_209' title='bbox 620 3139 783 3200; x_wconf 84' lang='lat' dir='ltr'>(muniorem</span> <span class='ocrx_word' id='word_1_210' title='bbox 807 3144 871 3196; x_wconf 86' lang='lat' dir='ltr'>cod.</span> <span class='ocrx_word' id='word_1_211' title='bbox 889 3142 1028 3213; x_wconf 66' lang='lat' dir='ltr'>Turrem,</span> <span class='ocrx_word' id='word_1_212' title='bbox 1047 3152 1176 3208; x_wconf 70' lang='lat' dir='ltr'>saionem</span> <span class='ocrx_word' id='word_1_213' title='bbox 1283 3204 1287 3213; x_wconf 92' lang='lat'>.</span> 
     </span>
     <span class='ocr_line' id='line_1_30' title="bbox 116 3202 1225 3285; baseline 0.023 -32"><span class='ocrx_word' id='word_1_214' title='bbox 116 3202 122 3214; x_wconf 86' lang='lat'>&#39;</span> <span class='ocrx_word' id='word_1_215' title='bbox 172 3205 203 3275; x_wconf 61' lang='grc' dir='ltr'>γ)</span> <span class='ocrx_word' id='word_1_216' title='bbox 221 3216 248 3256; x_wconf 82' lang='lat' dir='ltr'>at</span> <span class='ocrx_word' id='word_1_217' title='bbox 267 3206 356 3271; x_wconf 81' lang='lat' dir='ltr'>vulgo</span> <span class='ocrx_word' id='word_1_218' title='bbox 375 3206 438 3263; x_wconf 85' lang='lat' dir='ltr'>edd.</span> <span class='ocrx_word' id='word_1_219' title='bbox 457 3204 599 3274; x_wconf 87' lang='lat' dir='ltr'>Corrupto</span> <span class='ocrx_word' id='word_1_220' title='bbox 617 3208 672 3263; x_wconf 86' lang='lat' dir='ltr'>hoc</span> <span class='ocrx_word' id='word_1_221' title='bbox 689 3213 831 3265; x_wconf 78' lang='lat' dir='ltr'>vocabulo</span> <span class='ocrx_word' id='word_1_222' title='bbox 849 3229 906 3267; x_wconf 89' lang='lat' dir='ltr'>non</span> <span class='ocrx_word' id='word_1_223' title='bbox 925 3221 1018 3285; x_wconf 85' lang='lat' dir='ltr'>metri,</span> <span class='ocrx_word' id='word_1_224' title='bbox 1036 3219 1086 3272; x_wconf 90' lang='lat' dir='ltr'>sed</span> <span class='ocrx_word' id='word_1_225' title='bbox 1106 3238 1176 3277; x_wconf 81' lang='lat' dir='ltr'>sarr·</span> <span class='ocrx_word' id='word_1_226' title='bbox 1219 3220 1225 3227; x_wconf 78' lang='grc'><strong>’</strong></span> 
     </span>
     <span class='ocr_line' id='line_1_31' title="bbox 174 3276 1178 3350; baseline 0.017 -22"><span class='ocrx_word' id='word_1_227' title='bbox 174 3276 305 3329; x_wconf 78' lang='lat' dir='ltr'>tilenses.</span> <span class='ocrx_word' id='word_1_228' title='bbox 326 3280 457 3328; x_wconf 83' lang='lat' dir='ltr'>oarntiuis</span> <span class='ocrx_word' id='word_1_229' title='bbox 476 3279 623 3331; x_wconf 82' lang='lat' dir='ltr'>cuiusdam</span> <span class='ocrx_word' id='word_1_230' title='bbox 644 3296 734 3347; x_wconf 78' lang='lat' dir='ltr'>genus</span> <span class='ocrx_word' id='word_1_231' title='bbox 760 3284 916 3350; x_wconf 79' lang='lat' dir='ltr'>significari</span> <span class='ocrx_word' id='word_1_232' title='bbox 933 3288 1057 3344; x_wconf 86' lang='lat' dir='ltr'>videtur.</span> <span class='ocrx_word' id='word_1_233' title='bbox 1091 3290 1178 3346; x_wconf 79' lang='lat' dir='ltr'>lule·</span> 
     </span>
     <span class='ocr_line' id='line_1_32' title="bbox 172 3344 1175 3420; baseline 0.02 -22"><span class='ocrx_word' id='word_1_234' title='bbox 172 3346 242 3398; x_wconf 84' lang='lat' dir='ltr'>lices</span> <span class='ocrx_word' id='word_1_235' title='bbox 261 3344 327 3396; x_wconf 83' lang='lat' dir='ltr'>VV.</span> <span class='ocrx_word' id='word_1_236' title='bbox 344 3344 408 3397; x_wconf 89' lang='lat' dir='ltr'>DD.</span> <span class='ocrx_word' id='word_1_237' title='bbox 432 3352 611 3403; x_wconf 79' lang='lat' dir='ltr'>coniecturas</span> <span class='ocrx_word' id='word_1_238' title='bbox 635 3351 701 3403; x_wconf 79' lang='lat' dir='ltr'>vide</span> <span class='ocrx_word' id='word_1_239' title='bbox 723 3356 762 3404; x_wconf 88' lang='lat' dir='ltr'>sis</span> <span class='ocrx_word' id='word_1_240' title='bbox 781 3370 826 3420; x_wconf 80' lang='lat' dir='ltr'>ap.</span> <span class='ocrx_word' id='word_1_241' title='bbox 844 3352 1019 3410; x_wconf 87' lang='lat' dir='ltr'>Muellerum</span> <span class='ocrx_word' id='word_1_242' title='bbox 1039 3366 1067 3411; x_wconf 89' lang='lat' dir='ltr'>et</span> <span class='ocrx_word' id='word_1_243' title='bbox 1086 3354 1175 3417; x_wconf 86' lang='lat' dir='ltr'>Orel-</span> 
     </span>
     <span class='ocr_line' id='line_1_33' title="bbox 171 3413 1175 3493; baseline 0.015 -25"><span class='ocrx_word' id='word_1_244' title='bbox 171 3415 253 3468; x_wconf 87' lang='lat' dir='ltr'>linm.</span> <span class='ocrx_word' id='word_1_245' title='bbox 296 3413 519 3484; x_wconf 71' lang='lat' dir='ltr'>coemptioni,</span> <span class='ocrx_word' id='word_1_246' title='bbox 541 3436 627 3487; x_wconf 88' lang='lat' dir='ltr'>quem</span> <span class='ocrx_word' id='word_1_247' title='bbox 651 3424 720 3473; x_wconf 88' lang='lat' dir='ltr'>citat</span> <span class='ocrx_word' id='word_1_248' title='bbox 742 3418 850 3488; x_wconf 82' lang='lat' dir='ltr'>Orell.‚</span> <span class='ocrx_word' id='word_1_249' title='bbox 873 3433 923 3493; x_wconf 86' lang='lat' dir='ltr'>qul</span> <span class='ocrx_word' id='word_1_250' title='bbox 951 3437 1027 3487; x_wconf 89' lang='lat' dir='ltr'>conl.</span> <span class='ocrx_word' id='word_1_251' title='bbox 1044 3436 1175 3487; x_wconf 82' lang='lat' dir='ltr'>censoris</span> 
     </span>
     <span class='ocr_line' id='line_1_34' title="bbox 174 3484 1240 3561; baseline 0.027 -30"><span class='ocrx_word' id='word_1_252' title='bbox 174 3484 301 3537; x_wconf 86' lang='lat' dir='ltr'>lenensis</span> <span class='ocrx_word' id='word_1_253' title='bbox 326 3503 435 3537; x_wconf 73' lang='lat' dir='ltr'>rismum</span> <span class='ocrx_word' id='word_1_254' title='bbox 453 3486 562 3554; x_wconf 87' lang='lat' dir='ltr'>probat,</span> <span class='ocrx_word' id='word_1_255' title='bbox 592 3501 635 3542; x_wconf 84' lang='lat' dir='ltr'>est</span> <span class='ocrx_word' id='word_1_256' title='bbox 658 3491 721 3543; x_wconf 87' lang='lat' dir='ltr'>cod.</span> <span class='ocrx_word' id='word_1_257' title='bbox 744 3492 794 3561; x_wconf 78' lang='lat'>239</span> <span class='ocrx_word' id='word_1_258' title='bbox 821 3511 848 3561; x_wconf 87' lang='lat' dir='ltr'>p.</span> <span class='ocrx_word' id='word_1_259' title='bbox 866 3495 927 3551; x_wconf 78' lang='lat'>320.</span> <span class='ocrx_word' id='word_1_260' title='bbox 949 3499 977 3552; x_wconf 86' lang='lat' dir='ltr'>b.</span> <span class='ocrx_word' id='word_1_261' title='bbox 994 3502 1047 3554; x_wconf 86' lang='lat' dir='ltr'>lin.</span> <span class='ocrx_word' id='word_1_262' title='bbox 1073 3502 1143 3557; x_wconf 69' lang='lat'>23⁸</span> <span class='ocrx_word' id='word_1_263' title='bbox 1164 3524 1197 3558; x_wconf 69' lang='lat' dir='ltr'>s·</span> <span class='ocrx_word' id='word_1_264' title='bbox 1236 3540 1240 3547; x_wconf 91' lang='lat'>-</span> 
     </span>
     <span class='ocr_line' id='line_1_35' title="bbox 173 3518 1164 3677; baseline 0.022 -74"><span class='ocrx_word' id='word_1_265' title='bbox 173 3551 462 3677; x_wconf 43' lang='lat' dir='ltr'>&amp;irland-heim</span> <span class='ocrx_word' id='word_1_266' title='bbox 479 3556 509 3613; x_wconf 91' lang='lat' dir='ltr'>h.</span> <span class='ocrx_word' id='word_1_267' title='bbox 528 3560 549 3611; x_wconf 90' lang='lat' dir='ltr'>l.</span> <span class='ocrx_word' id='word_1_268' title='bbox 567 3564 754 3625; x_wconf 71' lang='lat' dir='ltr'>anteritate,</span> <span class='ocrx_word' id='word_1_269' title='bbox 775 3578 892 3632; x_wconf 82' lang='lat' dir='ltr'>cauere3</span> <span class='ocrx_word' id='word_1_270' title='bbox 911 3569 963 3622; x_wconf 89' lang='lat' dir='ltr'>clr.</span> <span class='ocrx_word' id='word_1_271' title='bbox 979 3570 1051 3624; x_wconf 88' lang='lat' dir='ltr'>Hor.</span> <span class='ocrx_word' id='word_1_272' title='bbox 1072 3518 1164 3625; x_wconf 68' lang='lat' dir='ltr'>Saul</span> 
     </span>
     <span class='ocr_line' id='line_1_36' title="bbox 177 3637 1212 3688; baseline 0.018 -14"><span class='ocrx_word' id='word_1_273' title='bbox 177 3637 407 3688; x_wconf 44' lang='lat' dir='ltr'>collq··00·</span> <span class='ocrx_word' id='word_1_274' title='bbox 1094 3652 1104 3665; x_wconf 68' lang='lat'>⁸</span> <span class='ocrx_word' id='word_1_275' title='bbox 1161 3668 1212 3683; x_wconf 93' lang='grc'>’·</span> 
     </span>
     <span class='ocr_line' id='line_1_37' title="bbox 247 3691 1174 3772; baseline 0.022 -31"><span class='ocrx_word' id='word_1_276' title='bbox 247 3691 270 3757; x_wconf 67' lang='grc'>5.</span> <span class='ocrx_word' id='word_1_277' title='bbox 289 3693 348 3744; x_wconf 82' lang='lat'>253.</span> <span class='ocrx_word' id='word_1_278' title='bbox 385 3696 594 3765; x_wconf 71' lang='lat' dir='ltr'>imperitissima]</span> <span class='ocrx_word' id='word_1_279' title='bbox 615 3734 618 3739; x_wconf 86' lang='lat'><em>-</em></span> <span class='ocrx_word' id='word_1_280' title='bbox 638 3696 686 3752; x_wconf 85' lang='lat' dir='ltr'>Sic</span> <span class='ocrx_word' id='word_1_281' title='bbox 704 3699 800 3757; x_wconf 86' lang='lat' dir='ltr'>Lamb.</span> <span class='ocrx_word' id='word_1_282' title='bbox 827 3703 920 3771; x_wconf 85' lang='lat' dir='ltr'>(prob.</span> <span class='ocrx_word' id='word_1_283' title='bbox 941 3706 1051 3772; x_wconf 78' lang='lat' dir='ltr'>Prarc.)</span> <span class='ocrx_word' id='word_1_284' title='bbox 1080 3718 1109 3761; x_wconf 83' lang='lat' dir='ltr'>et</span> <span class='ocrx_word' id='word_1_285' title='bbox 1126 3725 1174 3769; x_wconf 74' lang='lat' dir='ltr'>re-,</span> 
     </span>
     <span class='ocr_line' id='line_1_38' title="bbox 177 3762 1173 3844; baseline 0.021 -32"><span class='ocrx_word' id='word_1_286' title='bbox 177 3769 263 3812; x_wconf 88' lang='lat' dir='ltr'>centt.</span> <span class='ocrx_word' id='word_1_287' title='bbox 291 3772 354 3828; x_wconf 88' lang='lat' dir='ltr'>post</span> <span class='ocrx_word' id='word_1_288' title='bbox 378 3762 447 3815; x_wconf 85' lang='lat' dir='ltr'>Eru.</span> <span class='ocrx_word' id='word_1_289' title='bbox 470 3794 507 3806; x_wconf 85' lang='lat'><em>-</em></span> <span class='ocrx_word' id='word_1_290' title='bbox 530 3766 627 3835; x_wconf 77' lang='lat' dir='ltr'>Vulgo</span> <span class='ocrx_word' id='word_1_291' title='bbox 654 3770 735 3823; x_wconf 84' lang='lat' dir='ltr'>codd.</span> <span class='ocrx_word' id='word_1_292' title='bbox 761 3782 790 3823; x_wconf 89' lang='lat' dir='ltr'>et</span> <span class='ocrx_word' id='word_1_293' title='bbox 816 3774 878 3825; x_wconf 89' lang='lat' dir='ltr'>edd.</span> <span class='ocrx_word' id='word_1_294' title='bbox 904 3779 1076 3844; x_wconf 81' lang='lat' dir='ltr'>peritissimi.</span> <span class='ocrx_word' id='word_1_295' title='bbox 1113 3776 1173 3833; x_wconf 81' lang='lat' dir='ltr'>Setl</span> 
     </span>
     <span class='ocr_line' id='line_1_39' title="bbox 176 3828 1175 3907; baseline 0.022 -28"><span class='ocrx_word' id='word_1_296' title='bbox 176 3828 279 3881; x_wconf 76' lang='lat' dir='ltr'>uerba:</span> <span class='ocrx_word' id='word_1_297' title='bbox 300 3850 381 3900; x_wconf 81' lang='lat' dir='ltr'>quum</span> <span class='ocrx_word' id='word_1_298' title='bbox 395 3836 450 3902; x_wconf 79' lang='lat' dir='ltr'>ipsi</span> <span class='ocrx_word' id='word_1_299' title='bbox 468 3839 526 3889; x_wconf 82' lang='lat' dir='ltr'>sint</span> <span class='ocrx_word' id='word_1_300' title='bbox 543 3839 639 3906; x_wconf 79' lang='lat' dir='ltr'>impar.</span> <span class='ocrx_word' id='word_1_301' title='bbox 657 3858 672 3891; x_wconf 85' lang='lat' dir='ltr'>a</span> <span class='ocrx_word' id='word_1_302' title='bbox 690 3842 845 3907; x_wconf 80' lang='lat' dir='ltr'>glossatore</span> <span class='ocrx_word' id='word_1_303' title='bbox 864 3845 956 3899; x_wconf 82' lang='lat' dir='ltr'>addita</span> <span class='ocrx_word' id='word_1_304' title='bbox 975 3849 1119 3901; x_wconf 78' lang='lat' dir='ltr'>vitientur.</span> <span class='ocrx_word' id='word_1_305' title='bbox 1137 3868 1175 3889; x_wconf 54' lang='lat' dir='ltr'>-s</span> 
     </span>
     <span class='ocr_line' id='line_1_40' title="bbox 178 3898 1175 3985; baseline 0.019 -33"><span class='ocrx_word' id='word_1_306' title='bbox 178 3898 280 3953; x_wconf 82' lang='lat' dir='ltr'>Statim</span> <span class='ocrx_word' id='word_1_307' title='bbox 307 3921 351 3954; x_wconf 82' lang='lat' dir='ltr'>eos</span> <span class='ocrx_word' id='word_1_308' title='bbox 374 3907 422 3973; x_wconf 77' lang='lat' dir='ltr'>qui</span> <span class='ocrx_word' id='word_1_309' title='bbox 450 3905 537 3975; x_wconf 71' lang='lat' dir='ltr'>Maru,</span> <span class='ocrx_word' id='word_1_310' title='bbox 562 3907 669 3974; x_wconf 86' lang='lat' dir='ltr'>Lmub.‚</span> <span class='ocrx_word' id='word_1_311' title='bbox 696 3908 914 3979; x_wconf 56' lang='lat' dir='ltr'>liariter-Or„</span> <span class='ocrx_word' id='word_1_312' title='bbox 938 3923 990 3985; x_wconf 84' lang='lat' dir='ltr'>qui</span> <span class='ocrx_word' id='word_1_313' title='bbox 1013 3930 1106 3971; x_wconf 78' lang='lat' dir='ltr'>tuttaeu</span> <span class='ocrx_word' id='word_1_314' title='bbox 1128 3935 1175 3971; x_wconf 81' lang='lat' dir='ltr'>eor</span> 
     </span>
     <span class='ocr_line' id='line_1_41' title="bbox 176 3977 1306 4061; baseline 0.019 -38"><span class='ocrx_word' id='word_1_315' title='bbox 176 3977 290 4027; x_wconf 82' lang='lat' dir='ltr'>uncinis</span> <span class='ocrx_word' id='word_1_316' title='bbox 309 3977 433 4030; x_wconf 84' lang='lat' dir='ltr'>inclusit.</span> <span class='ocrx_word' id='word_1_317' title='bbox 459 4005 498 4035; x_wconf 85' lang='lat'>-,</span> <span class='ocrx_word' id='word_1_318' title='bbox 517 3990 547 4031; x_wconf 83' lang='lat' dir='ltr'>st</span> <span class='ocrx_word' id='word_1_319' title='bbox 566 3983 614 4051; x_wconf 82' lang='lat' dir='ltr'>qui</span> <span class='ocrx_word' id='word_1_320' title='bbox 630 3981 713 4039; x_wconf 85' lang='lat' dir='ltr'>codd.</span> <span class='ocrx_word' id='word_1_321' title='bbox 730 3992 758 4036; x_wconf 79' lang='lat' dir='ltr'>et</span> <span class='ocrx_word' id='word_1_322' title='bbox 785 3984 874 4053; x_wconf 71' lang='lat' dir='ltr'>vulgo</span> <span class='ocrx_word' id='word_1_323' title='bbox 897 3987 961 4045; x_wconf 66' lang='lat' dir='ltr'>edit.</span> <span class='ocrx_word' id='word_1_324' title='bbox 981 4016 1016 4029; x_wconf 83' lang='grc'><strong>-</strong></span> <span class='ocrx_word' id='word_1_325' title='bbox 1042 3989 1086 4043; x_wconf 85' lang='lat' dir='ltr'>Dc</span> <span class='ocrx_word' id='word_1_326' title='bbox 1101 4006 1175 4061; x_wconf 77' lang='lat' dir='ltr'>pra·</span> <span class='ocrx_word' id='word_1_327' title='bbox 1225 4000 1233 4007; x_wconf 81' lang='grc'><strong>“</strong></span> <span class='ocrx_word' id='word_1_328' title='bbox 1300 4038 1306 4045; x_wconf 95' lang='grc'><em>.</em></span> 
     </span>
     <span class='ocr_line' id='line_1_42' title="bbox 166 4047 1258 4137; baseline 0.013 -39"><span class='ocrx_word' id='word_1_329' title='bbox 166 4047 307 4115; x_wconf 68' lang='lat' dir='ltr'>granaticis</span> <span class='ocrx_word' id='word_1_330' title='bbox 324 4047 437 4137; x_wconf 43' lang='lat' dir='ltr'>ride&#39;c.</span> <span class='ocrx_word' id='word_1_331' title='bbox 454 4047 498 4111; x_wconf 72' lang='lat'>45.</span> <span class='ocrx_word' id='word_1_332' title='bbox 519 4051 578 4125; x_wconf 76' lang='lat'>198.</span> <span class='ocrx_word' id='word_1_333' title='bbox 1120 4080 1131 4093; x_wconf 93' lang='lat'>··</span> <span class='ocrx_word' id='word_1_334' title='bbox 1165 4100 1168 4107; x_wconf 96' lang='lat'>.</span> <span class='ocrx_word' id='word_1_335' title='bbox 1224 4066 1258 4091; x_wconf 85' lang='lat'>··</span> 
     </span>
    </p>
   </div>
   <div class='ocr_carea' id='block_1_5' title="bbox 0 0 1326 4440">
    <p class='ocr_par' dir='ltr' id='par_1_7' title="bbox 0 0 1326 4440">
     <span class='ocr_line' id='line_1_43' title="bbox 0 0 1326 4440; baseline 0 0"><span class='ocrx_word' id='word_1_336' title='bbox 0 0 1326 4440; x_wconf 95' lang='lat' dir='ltr'> </span> 
     </span>
    </p>
   </div>
  </div>
 </body>
</html>
