2618 4440
325 291 444 358 <nu
469 247 683 381 eutrotia
706 288 788 356 tta.
804 291 835 359 t.
854 258 908 368 'ta
976 240 987 330 Ῐ
1098 232 1140 374 et

148 488 336 579 propriam,
351 485 427 555 seed
442 483 614 573 cuiusdam
635 509 674 558 ex
702 481 766 551 alio
795 508 914 569 genere
940 484 1141 573 prudentiae,
1210 558 1215 572 ,

146 612 247 661 totam
267 592 362 672 hanc,
380 590 549 682 descriptis
568 591 718 657 omuibus
740 591 875 655 civitatis
898 588 1088 663 utilitatibus
1105 620 1142 662 ac

146 701 310 793 partibus,
341 698 407 767 ΧΠ
435 694 554 781 tabulis
578 696 742 762 contineri
773 694 921 775 videhiu'
949 699 1017 764 eive
1045 724 1143 790 quem

108 792 113 799 ¹
146 806 204 872 ista
224 817 418 896 praepotens
431 817 465 869 et
483 800 624 887 gloriosa
641 800 850 893 philosophia
861 797 1004 868 ‘delectat
1026 806 1144 894 (dicam

146 909 337 998 audacius),¹
359 909 458 976 hosce
479 897 701 975 habet'son'tes
725 909 871 974 omnium
892 907 1145 999 disputationum

147 1040 288 1098 suarum,
311 1017 369 1107 q'ui
386 1017 456 1081 iure
470 1013 558 1081 civili
571 1033 603 1081 et
615 1011 739 1098 legibus
754 1014 972 1080 continentur.
1000 1025 1072 1094 194.
1092 1020 1144 1086 Ex
1218 1078 1220 1083 .

144 1120 198 1190 his
223 1123 310 1187 euim
333 1140 368 1201 et¹
386 1121 575 1211 dignitatem
596 1122 731 1204 maxime
755 1117 966 1209 expetendam
988 1122 1145 1206 videmus,

81 1257 85 1266 ·
147 1230 292 1319 †quu'm
311 1250 418 1309 verus,
444 1229 542 1293 iustus
558 1245 652 1318 atque
673 1225 825 1292 honestus
846 1221 939 1301 labot·
954 1224 1145 1312 honoribus,

148 1334 313 1424 praemiis,
336 1330 511 1422 splendore
532 1332 721 1423 decoratur,
741 1330 828 1394 *vitia
850 1347 954 1394 autem
976 1329 1147 1403 hominum

96 1446 101 1454 '
147 1435 393 1526 atque'sraudes
412 1436 547 1517 damnis,
566 1435 763 1518 ignominiis,
783 1431 931 1515 vinculis,
948 1437 1147 1522 verberibus,

148 1539 290 1619 exsiliis,
332 1559 437 1606 morte
458 1539 652 1621 multantur3
677 1552 716 1633 {et
737 1539 893 1605 docemur
915 1563 983 1605 uon
1012 1543 1147 1613 infinitis

139 1647 495 1737 'concertationumque
512 1644 618 1737 plenis
643 1645 923 1738 disputationibus,
957 1646 1014 1712 sed
1036 1669 1149 1717 aucto-

107 1806 109 1809 .
150 1753 246 1819 ritate
269 1768 412 1842 nutuque
437 1749 545 1837 legum
565 1751 701 1819 domitae
723 1751 843 1817 hahere
865 1749 1029 1839 libidines,
1053 1779 1149 1823 coer-

155 1922 290 1938 m

148 2035 243 2088 neque
269 2019 299 2074 h.
318 2020 338 2073 1.
364 2019 398 2072 de
418 2016 510 2087 effigie
535 2018 569 2072 ad
588 2021 856 2138 contemplaponem
883 2025 1148 2087 proposita‘sermo

149 2101 200 2154 est,
218 2105 271 2145 nco
288 2091 469 2158 contemplari
488 2105 605 2155 usquam
623 2089 697 2140 idem
715 2106 752 2148 vn
761 2101 788 2140 et
808 2104 989 2160 aquuoerere,
1006 2095 1152 2161 respicere,
1211 2146 1230 2166 .„

148 2176 245 2226 neque
263 2162 393 2227 exeita-pla
413 2177 428 2210 a
447 2157 589 2210 Muellero
609 2159 692 2209 allata
732 2158 866 2224 uidqnatn
885 2157 1015 2226 probant.
1034 2169 1068 2200 -“-
1087 2183 1150 2217 eon-

149 2239 222 2297 temp
236 2236 376 2283 aiurssom.
395 2227 465 2282 Pall.
492 2243 598 2288 omnes,
617 2175 821 2289 Pith.‚(hiavn.
841 2227 878 2292 A,
898 2226 931 2290 Z,
970 2249 1022 2298 ,y,
1040 2251 1061 2293 e,
1080 2232 1150 2295 Eri,

148 2296 246 2351 Guelf.
266 2297 302 2360 A,
325 2295 354 2360 C,
371 2295 431 2347 Ert.
452 2295 780 2357 (ctvttt·scienria1>tth.‚
798 2296 832 2357 Z,
853 2293 936 2357 Erre,
963 2313 1021 2362 quo
1041 2301 1150 2352 conflr-

148 2370 381 2433 matursuspicio
395 2364 543 2430 Madvigii,
562 2367 705 2429 antiquam
723 2364 855 2415 codicum
872 2365 1003 2416 lacunam
1015 2383 1037 2430 ⁴a
1054 2381 1151 2436 poste·

149 2433 274 2489 rioribus
295 2434 418 2486 librariis
438 2431 546 2484 inseiici
566 2437 728 2484 coniectura
751 2434 895 2501 expletam
914 2448 986 2485 esee.

152 2555 155 2563 ,
220 2504 336 2572 videbit]
366 2501 415 2556 Sic
432 2501 535 2568 Gonu,
552 2501 634 2558 Haris
654 2520 675 2568 1,
687 2503 721 2568 Z,
734 2502 768 2563 tt,
781 2508 810 2573 β,
821 2501 891 2565 Eri,
910 2501 973 2554 edd.
992 2506 1149 2574 antiquiss,

148 2574 246 2645 Pearc.
266 2586 295 2626 et
321 2584 444 2626 recentis
460 2583 524 2640 post
542 2571 609 2624 Eru.
632 2601 666 2610 —
685 2573 815 2625 videbitis
834 2572 926 2625 Hatn.
957 2585 1058 2643 uterq„
1088 2575 1149 2633 Erl.
1196 2594 1198 2599 ·

112 2654 115 2658 ’
152 2663 175 2708 t,
194 2645 229 2701 al,
250 2655 279 2696 et
297 2645 481 2712 vulgo‘olim
507 2642 573 2695 iude
600 2639 635 2695 ab
653 2640 719 2695 Ald.
745 2653 772 2694 et
791 2642 866 2694 lunt.
891 2671 926 2682 -
944 2639 1046 2696 Statim
1070 2645 1150 2698 hosce

149 2715 234 2768 habet
254 2730 351 2766 omues
368 2713 452 2766 codd.
472 2723 499 2764 et
518 2713 606 2778 vulgo
625 2711 689 2767 edd.
707 2713 774 2765 inde
793 2710 827 2764 ab
846 2715 993 2779 antiquiss.
1010 2741 1045 2755 -
1063 2715 1151 2770 debe.

150 2785 192 2836 hit
210 2784 277 2837 Eun.
291 2786 404 2845 econi„
415 2799 501 2850 quem
517 2779 1114 2848 secutteunisch,Haa1.,·Muetter;0nh.
1187 2816 1190 2822 ·
1278 2788 1281 2797 '

222 2852 324 2920 §¹194⁸
365 2871 446 2922 quum
471 2870 560 2918 verus,
580 2852 674 2902 iustus
699 2861 730 2903 at
770 2851 915 2919 adoneae]
959 2851 1046 2905 flecte
1064 2854 1149 2908 Mad-

150 2927 247 2988 vigius
265 2925 296 2972 iu
314 2921 366 2988 Ep.
384 2922 417 2973 ad
429 2917 568 2991 Orelhp.
587 2919 621 2990 39
642 2933 706 2987 post
726 2922 891 2990 'umptium
910 2918 972 2988 (Gr.
994 2922 1018 2988 §.
1038 2925 1099 2992 785.
1120 2943 1149 2992 p.
1209 2914 1211 2923 ’

150 2992 202 3046 562
216 2993 271 3057 sq.)
290 2990 418 3058 aliosque
431 2989 606 3063 observavit,
620 2988 793 3054 Ciceronem,
811 2988 861 3041 ubi
873 2995 925 3041 tria
941 2991 1065 3045 tuetttbra
1084 3010 1150 3046 coa-

150 3070 257 3120 cervet,
284 3070 333 3111 aut
356 3065 475 3127 repetita
504 3063 704 3112 coniunctione
724 3063 782 3121 uti,
813 3069 862 3110 eut
881 3070 1010 3111 extremo
1030 3078 1148 3129 quoque

149 3132 216 3184 loco
234 3133 374 3191 omittere,
394 3140 443 3181 aut
461 3148 513 3200 que
531 3144 656 3197 pouer03
681 3138 718 3192 et,
738 3138 841 3198 atque,
865 3146 900 3178 ac
916 3129 1002 3194 piane
1021 3131 1148 3187 excludi.

150 3196 206 3250 Cui
232 3196 424 3248 observationi
453 3214 488 3249 ne
515 3201 582 3264 quis
606 3197 684 3248 hunc
706 3198 802 3250 locum
829 3196 970 3262 adversari
996 3202 1149 3263 existimet,
1180 3229 1190 3235 -

151 3267 270 3322 idctniu
285 3268 387 3319 litteris
407 3267 441 3317 ad
460 3282 504 3318 me
524 3265 604 3329 datis,
624 3252 719 3318 lcitum
739 3276 906 3331 corruptum
922 3281 992 3332 esse,
1012 3267 1078 3317 inde
1098 3286 1151 3336 pa-

151 3349 213 3390 tere
232 3335 371 3398 ostendit,
398 3337 475 3402 quod
495 3335 538 3387 ed.
560 3329 718 3386 Ottmiboui
738 3339 818 3398 (item
839 3333 915 3389 Med.
935 3346 1036 3404 utraq„
1066 3337 1148 3402 Ven„

151 3406 241 3475 hott.)
261 3402 396 3456 exhibeat
421 3413 479 3454 tum
498 3422 568 3465 vero,
595 3401 695 3471 Steph.
712 3402 816 3469 (Havn.
836 3402 872 3464 A,
887 3402 947 3455 Eri.
973 3422 993 3467 t,
1013 3405 1076 3458 edd.
1094 3425 1149 3460 an-

152 3475 277 3544 tiquiss.)
289 3484 317 3525 et
328 3476 435 3534 iustum
452 3472 529 3540 quod
546 3491 627 3544 quum
643 3473 747 3525 causal.
759 3489 824 3525 cum
838 3471 952 3526 indicat.
964 3477 1101 3543 iungatur
1118 3489 1148 3530 et

126 3595 128 3599 .
151 3545 231 3614 quod
254 3543 434 3596 vetustate
461 3544 490 3595 h.
518 3558 542 3594 e.
568 3559 627 3594 non
654 3543 803 3595 simulatus
830 3540 911 3594 labor
935 3542 970 3594 h..
987 3545 1009 3596 i.
1035 3548 1148 3600 nulium
1177 3546 1183 3553 ”

151 3617 288 3668 idoneum
301 3630 416 3666 sensum
434 3611 563 3680 prebeat.
596 3610 693 3664 Cetera
712 3622 806 3674 vectet
824 3628 863 3663 ex
881 3615 1066 3680 singulorum
1078 3632 1150 3668 tero

151 3685 233 3741 codd.
254 3695 303 3736 aut
321 3683 385 3748 edd,
402 3683 589 3735 varietatibus
607 3683 681 3734 nihii
701 3681 749 3734 hic
766 3681 901 3734 concludi
919 3694 1027 3749 potesta
1046 3702 1110 3737 nam
1131 3705 1148 3739 u

151 3752 247 3806 verbis
274 3754 297 3820 5.
321 3755 416 3824 19301
436 3753 544 3822 legibue
569 3755 744 3805 continentur
770 3754 801 3802 iu
830 3750 1051 3818 antiquioribus·
1066 3756 1150 3808 codd.

150 3839 253 3888 magua
272 3825 371 3874 lacuna
390 3827 504 3890 incipit,
531 3840 592 3890 quae
614 3827 738 3892 pertinet
757 3836 855 3887 usque
882 3822 917 3873 ad
944 3821 992 3878 tib.
1013 3821 1049 3875 tt.
1070 3841 1097 3878 c.
1115 3827 1146 3884 33

114 3924 117 3929 -
151 3909 213 3960 quae
232 3894 331 3944 lacuna
346 3897 388 3944 ‘iu
406 3891 611 3946 recentioribus
630 3891 712 3945 codd.
732 3902 817 3956 atque
844 3890 910 3942 inde
929 3891 1065 3946 derivatis
1084 3894 1148 3944 edd.

151 3966 301 4088 ῗιῑὶὲιιὶεε.
333 3976 371 4017 eat
402 3966 487 4017 unico
515 3961 617 4017 codice
653 3958 794 4016 Laudemi
824 3962 937 4035 explete
967 3975 1022 4023 est.
1075 3960 1155 4014 Vide

176 4043 261 4087 reat.
1007 4044 1013 4051 '
